1731 2980
663 55 983 101 .-29—-

790 170 837 230 §-
880 171 922 217 s,

495 309 686 354 Forma
725 310 991 367 corporis
1033 308 1215 352 Panis.

182 425 396 465 Secundum
420 425 606 465 Herodoti
629 426 885 465 testimonium
908 424 959 464 11.
985 427 1045 464 46.
1064 422 1249 473 ¹Aegyptii
1274 421 1374 460 sicut
1400 420 1533 459 Graeci
1559 420 1632 458 Pa-

81 487 169 513 nem
193 474 498 526 αἰγοπρόσωπον
529 476 594 514 καὶ
624 475 884 527 τραγοσκελέα
914 474 1080 525 fingunt3
1115 476 1231 523 atque
1266 483 1313 509 ex
1345 470 1419 508 hoc
1448 469 1632 508 Herodoti

83 524 167 563 loco
191 525 268 564 illis
293 525 446 576 quidem
469 525 703 577 temporibus
729 524 830 564 hanc
843 525 1005 564 formam
1018 523 1303 563 usitatissimam
1315 520 1431 559 fuisse
1448 520 1631 570 conjicere

81 574 182 614 licet.
241 575 293 615 Et
331 575 364 614 si
394 576 622 625 scriptorum
650 575 866 617 testimonia
898 574 1153 614 vetustissima
1191 573 1317 610 animo
1343 569 1631 626 perpendamus,

83 625 182 663 hanc
206 625 368 662 formam
394 625 605 677 antiquitus
629 624 914 662 usitatissimam
933 624 1015 674 jam
1038 623 1153 661 fuisse
1179 622 1440 671 conseqmtur‚
1467 629 1634 668 quamvis

82 673 186 725 quod
219 673 271 711 ad
295 673 464 712 Arcades
485 666 633 712 adtinet
663 684 711 713 ex
736 674 1021 724 cognominibus
1046 675 1193 718 Σινοείς
1207 702 1217 720 ,
1243 672 1355 711 Paus.
1383 668 1486 709 VIII.
1515 670 1572 706 30.
1598 671 1633 706 2.

83 723 300 775 Σκολείτης,
327 723 430 772 quod
453 723 566 761 multi
588 725 828 772 putaverunt,
852 723 950 761 nihil
975 723 1156 771 consequi
1179 721 1367 759 videatur.

181 773 269 810 Jam
294 772 457 820 scriptor
481 771 612 821 hymni
636 771 830 810 Homerici
853 772 893 810 in
917 772 1060 811 Panem
1085 783 1171 809 eum
1187 769 1410 820 αἰγιπόδην,
1437 766 1637 816 δικέρωτα,

83 823 131 872 (v.
159 821 211 870 2.)
236 820 426 870 α’γλαέθει
451 834 508 868 ον,
531 822 582 877 (v.
599 821 648 871 5.)
673 819 911 874 αὕχμήεντα,
936 823 985 872 (v.
1001 822 1051 871 6.)
1077 818 1102 859 ὅ
1140 834 1177 859 ιν
1190 819 1404 869 ἀμείλιχον,
1432 816 1640 872 ἠϋγέναιόν

96 874 132 910 v,
159 870 234 921 39.)
268 871 407 920 ἔχοντα
460 870 632 918 escrlbit3
668 871 783 909 etiam
806 871 965 921 Thespis
990 872 1053 918 (cf.
1126 869 1301 908 emsterh.
1339 867 1391 906 ad
1426 868 1515 906 Luc.
1549 864 1639 902 d1al.

111 933 186 958 eor.
212 933 249 969 p.
277 923 360 958 320.
386 920 486 970 Bip.)
511 920 653 958 Panem
678 920 863 972 δικέρωτα
886 920 1111 968 nominavit,
1137 931 1161 957 a
1205 930 1253 957 ue
1278 918 1374 956 haec
1408 917 1488 967 ejus
1518 914 1644 953 forma

83 969 187 1028 apud
212 972 385 1020 posteros
408 970 601 1019 remansit,
626 969 762 1009 sedita
784 971 978 1018 remansit,
1003 974 1047 1008 ut
1072 969 1176 1019 apud
1219 968 1397 1006 indarum
1421 970 1538 1016 atque
1563 968 1641 1003 tra-

82 1032 187 1071 gmos
202 1020 405 1070 qualitates
419 1020 535 1058 animi
545 1019 706 1059 formam
723 1033 766 1059 su
795 1023 913 1068 erent,
939 1023 1054 1070 atque
1071 1020 1166 1058 haec
1179 1019 1330 1057 omniuo
1347 1017 1570 1067 negligatur.
1597 1015 1643 1053 In

85 1070 356 1120 epigrammate
382 1070 548 1120 quodam
589 1070 702 1117 Anth.
728 1070 759 1109 P
775 1082 836 1109 an.
861 1070 926 1109 IV.
954 1073 1038 1109 228.
1068 1068 1242 1119 Tauch.),
1297 1067 1374 1106 uod
1398 1067 1539 1106 Alcaeo
1563 1064 1643 1113 epi-

81 1121 333 1170 grammatum
357 1120 536 1169 scriptori
602 1120 747 1159 essenio
772 1120 956 1158 tribuere*
975 1120 1117 1167 solent,
1155 1119 1236 1156 Pan
1323 1119 1445 1168 ροῖσιν
1479 1115 1642 1166 χείλεσιν

80 1169 278 1219 αι’-κελάδῳ
304 1170 452 1220 σύριγγι
475 1174 577 1218 χέων
600 1169 717 1219 μέλος
742 1169 969 1208 nominatur.
1437 1177 1440 1180 ⁴

184 1219 331 1258 Deinde
363 1231 452 1258 vero
490 1232 607 1269 quum
667 1223 775 1258 oetae
821 1220 955 1258 comici
994 1219 1035 1258 in
1076 1217 1279 1257 comoediis
1320 1216 1472 1266 saepius
1506 1213 1642 1260 Πανός

87 1272 201 1319 γονάς
227 1268 485 1308 describerent
516 1269 640 1307 ridicu
654 1281 793 1320 umque
826 1270 971 1308 formae
1005 1269 1052 1307 de
1080 1269 1272 1318 ingerent,
1298 1267 1381 1305 fieri
1405 1278 1482 1304 non
1506 1264 1643 1315 potuit,

88 1319 179 1370 quin
204 1318 309 1371 apud
334 1323 481 1358 ceteros
507 1331 657 1369 quoque
682 1321 816 1369 poetas
839 1319 880 1358 in
899 1319 1027 1358 «forma
1052 1282 1167 1357 f‘anis
1193 1316 1435 1373 depingenda
1458 1317 1554 1353 haec
1580 1326 1644 1352 co—

86 1369 271 1407 micorum
297 1368 500 1419 descriptio
516 1369 653 1419 ,magni
675 1369 856 1408 momenti
880 1371 989 1418 esset,
1015 1368 1186 1419 quamvis
1211 1367 1316 1417 apud
1340 1364 1643 1415 Aristophanem,

87 1419 155 1458 ubi
181 1418 229 1457 de
253 1418 359 1458 Pane
379 1418 608 1458 mentionem
623 1418 735 1468 facit,
788 1422 916 1468 raeter
937 1419 1064 1458 locum
1087 1418 1183 1457 Rau.
1211 1420 1296 1456 230.
1323 1429 1398 1467 quo
1432 1417 1644 1466 κεροβάτης

87 1469 316 1517 nominatur,
343 1468 546 1526 qualitates
570 1469 686 1507 Panis
710 1482 755 1507 su
782 1469 948 1507 limiores
970 1469 1114 1506 relatas
1137 1467 1320 1516 legamus.

190 1517 316 1564 Quare
336 1526 428 1568 ‘Jam
459 1518 671 1561 Simonides
705 1517 834 1569 (Anth.
867 1518 974 1556 Plan.
1008 1517 1074 1556 IV.
1102 1519 1186 1555 232.
1211 1515 1371 1566 Tauch.)
1397 1527 1483 1553 eum
1507 1515 1645 1564 τραγά-

89 1582 194 1606 πουν
219 1579 268 1617 ap
298 1567 389 1606 ellat
397 1575 413 1616 3'
433 1570 472 1605 et
495 1567 536 1605 in
568 1567 905 1632 epigrammatibus
938 1567 1123 1606 vocabula
1156 1567 1421 1616 δασύκννμος,
1446 1564 1472 1604 1.
1499 1576 1531 1602 c.
1558 1567 1643 1603 233.

89 1616 247 1655 Nonnus
306 1618 381 1656 ion.
398 1617 570 1656 XIV.81.
596 1620 814 1669 αιγόκερως,
840 1617 866 1655 l.
895 1629 927 1655 0.
954 1620 1038 1656 234.
1066 1615 1283 1669 αἶγομελής,
1307 1589 1408 1665 hym.
1437 1614 1561 1670 Orph3
1586 1617 1642 1652 10.

92 1670 126 1705 5.
152 1666 323 1716 αι’γόνυξ,
351 1667 457 1705 Plan.
485 1669 569 1704 258.
596 1667 808 1719 αἰγοπόδης
834 1671 873 1704 et
898 1678 996 1716 quae
1027 1668 1116 1704 sunt
1139 1666 1288 1715 generis
1312 1664 1481 1715 ejusdem
1505 1665 1648 1702 usitata

90 1715 260 1765 legimus.
320 1716 434 1767 Apud
468 1715 677 1755 Lucianum
707 1729 797 1756 vero
825 1716 914 1755 dial.
943 1716 1046 1755 deor.
1074 1718 1133 1754 22.
1161 1719 1194 1754 1.
1222 1719 1256 1754 2.
1282 1720 1430 1766 κέρατα
1454 1715 1553 1762 ἔχων
1577 1713 1645 1751 καὶ

89 1768 259 1815 πώγωνα
283 1765 422 1804 λάσιον
445 1766 513 1804 καὶ
537 1766 652 1818 σκέλη
677 1766 817 1816 διχαλοέ
842 1767 909 1804 καὶ
933 1765 1096 1817 τραγικοὶ
1121 1766 1188 1804 καὶ
1205 1764 1332 1816 ου’ροὶν
1358 1763 1437 1804 ὖπὲ
1482 1761 1554 1807 τοὶς
1569 1776 1645 1801 πυ-

87 1817 158 1864 γάς
173 1820 175 1822 ’
191 1815 439 1863 describitur,
473 1817 589 1864 atque
613 1815 743 1854 verbis
765 1815 857 1866 ipsis
889 1815 1013 1854 cultus
1046 1814 1127 1865 ejus
1159 1828 1236 1854 non
1273 1814 1398 1853 minus
1464 1811 1645 1859 eridetur,

93 1864 209 1914 quam
234 1864 377 1915 dialogi
400 1864 518 1903 totius
543 1865 740 1904 sententia.
803 1865 908 1911 Quae
940 1877 1057 1914 quum
1090 1865 1147 1903 ita
1176 1878 1217 1904 se
1250 1864 1455 1910 haberent,
1492 1862 1645 1900 minime

90 1914 228 1953 mirum
253 1925 335 1953 esse
370 1916 514 1964 potest,
550 1915 583 1953 si
617 1915 658 1953 in
688 1915 824 1954 statuis
848 1917 965 1965 atque
989 1915 1107 1962 vasis,
1141 1927 1239 1964 quae
1263 1913 1378 1952 hodie
1404 1923 1555 1962 quoque
1580 1923 1646 1949 ex-

92 1965 206 2011 stant,
232 1963 393 2002 formam
418 1964 499 2014 ejus
522 1965 684 2002 maxime
714 1964 916 2004 ridiculam
939 1964 1001 2003 vel
1026 1963 1253 2004 obscoenam
1278 1962 1375 2002 adeo
1398 1961 1644 2008 inveniamus,

90 2025 208 2101 qum‘ili
223 2014 335 2100 1quod.
362 2015 500 2112 ppetae
526 2014 805 2065 scriptoresque
828 2013 932 2054 illius
955 2014 1138 2065 temporis
1162 2013 1418 2061 formaverint,
1444 2012 1518 2051 hoc
1538 2011 1646 2050 ficto-

87 2075 150 2101 res
202 2075 222 2101 e
250 2076 274 2100 n
301 2074 391 2100 eren
411 2093 419 2100 .
1118 2074 1121 2076 ⁴

43 2162 47 2166 .
187 2075 350 2166 Romgani
374 2123 463 2150 vero
489 2112 694 2162 scriptores
729 2113 770 2151 in
793 2113 897 2152 Pane
929 2113 1181 2153 describendo
1206 2114 1380 2163 posteros
1414 2111 1646 2151 Graecorum

88 2162 223 2211 poetas
247 2161 368 2200 secuti
382 2161 570 2210 videntur,
596 2162 701 2212 quod
725 2175 773 2201 ex
797 2163 975 2203 Lucretio
1000 2163 1049 2202 de
1072 2176 1146 2202 rer.
1173 2165 1252 2202 nat.
1276 2162 1341 2201 IV.
1370 2164 1454 2208 585,
1481 2161 1548 2210 qui
1572 2160 1645 2198 Pa-

88 2224 176 2249 nem
207 2212 323 2261 pinea
355 2211 519 2250 semiferi
549 2212 686 2261 capitis
717 2213 905 2251 velamina
963 2216 1180 2252 uassantem
1211 2215 1250 2251 et
1285 2223 1384 2250 unco
1407 2210 1518 2249 labro
1544 2209 1646 2247 cala-

88 2273 171 2299 mos
195 2263 481 2311 percurrentem
505 2260 656 2300 hiantes
688 2262 738 2300 fin
769 2262 815 2310 't,
850 2262 940 2301 lucu
956 2262 1146 2301 entissime
1178 2263 1351 2312 apparet.
1411 2259 1526 2310 Apud
1557 2259 1645 2298 Ovi-

90 2310 194 2349 dium
219 2313 347 2349 autem
372 2310 592 2360 semicaper,
617 2312 708 2350 Met.
790 2313 835 2351 V.
864 2315 955 2361 5153
981 2313 1160 2361 bicornis,
1185 2312 1272 2351 fast.
1298 2311 1346 2350 V.
1373 2314 1432 2350 99.
1460 2310 1645 2359 corniger,

88 2360 238 2449 gergi&
263 2361 308 2400 V.
326 2363 408 2400 137.
434 2361 662 2411 nominatur,
689 2363 750 2401 cui
775 2362 984 2402 horrebant
1009 2363 1137 2403 densis
1150 2375 1288 2414 aspera
1305 2374 1418 2401 crura
1432 2360 1532 2412 pilis.
1558 2361 1644 2399 fast.

153 2513 159 2519 Π
186 2461 319 2518 Neque
344 2462 468 2500 minus
497 2463 634 2511 poeitae
667 2463 768 2520 epici
791 2464 984 2514 sequentis
1016 2464 1200 2513 temporis
1225 2463 1389 2502 comicos
1414 2462 1647 2501 Graecorum

87 2512 222 2562 poetas
246 2513 414 2550 1m1tatos
438 2524 520 2550 esse
546 2513 662 2562 atque
686 2526 727 2551 111
750 2514 914 2553 ridicula
925 2514 1041 2552 Panis
1066 2514 1190 2552 forma
1215 2512 1466 2552 describenda
1489 2523 1647 2561 operam

91 2561 341 2600 consumsisse
365 2562 553 2600 videntur.
614 2562 725 2608 Quod
759 2564 914 2614 quidem
952 2576 999 2602 ex
1024 2564 1117 2603 Silio
1154 2564 1290 2603 Italico
1326 2562 1432 2601 xm.
1468 2564 1551 2600 327.
1587 2574 1644 2610 sq.

88 2610 229 2669 elucet,
262 2611 329 2661 qui
351 2611 547 2669 voluptate
568 2611 739 2669 quadam
766 2616 901 2672 captus
923 2614 964 2652 in
991 2613 1115 2653 cauda
1138 2614 1337 2664 formaque
1362 2611 1645 2652 accuratissime

88 2661 340 2701 descnbenda
364 2673 474 2710 quasr
496 2661 607 2700 ludit.
656 2662 739 2702 Pan
765 2675 884 2713 emm,
910 2663 1005 2702 dicit
1028 2664 1054 2702 l.
1081 2676 1114 2702 c.

83 2838 86 2841 .
130 2811 152 2852 ¹)
173 2810 337 2843 Welcker.
354 2812 441 2844 v'Pr-il.
463 2823 497 2854 p.
519 2814 568 2844 77.
602 2812 849 2846 Winkelmann.
873 2812 994 2854 Opusc.
1015 2814 1100 2846 VIII.
1132 2815 1202 2846 196.
1245 2812 1442 2846 Schwenck.
1472 2808 1576 2850 Myth-
1611 2808 1644 2840 d·

173 2852 302 2886 Griech.
324 2854 393 2886 tab.
416 2854 455 2890 Χ.
482 2856 510 2886 3.
554 2853 716 2887 Gerhard.
737 2855 886 2896 Hyperb.
908 2855 1025 2888 Roem.
1048 2855 1141 2888 Stud.
1163 2855 1204 2888 II.
1225 2865 1268 2899 ῃ,
1283 2857 1351 2888 109.
1373 2865 1405 2887 n.
1427 2855 1476 2885 74.
1497 2862 1532 2893 p.
1554 2853 1625 2883 110-
