1731 2980
709 58 957 93 -12—

156 153 343 191 Pindarus
367 154 466 191 enini
492 152 651 199 Panem,
677 153 797 190 filium
822 153 1009 202 Apollinis
1034 165 1116 192 esse
1138 155 1170 202 ἱ)-
1192 165 1352 210 eumque
1385 155 1617 210 piscatorum

56 214 185 240 curam
196 214 339 252 gerere,
355 203 384 252 ²)
409 202 522 249 dixit3
548 203 665 252 atque
681 202 753 240 etsi
766 201 910 240 cultum
923 201 1072 241 Mandis
1085 203 1321 253 Aegyptiam,
1347 204 1403 241 ut1
1418 214 1466 241 ex
1478 203 1612 261 fragm.

63 256 145 291 112.
175 254 278 303 (179)
306 265 330 291 a
357 254 483 301 paret,
510 252 607 291 bene
630 252 804 302 percepit
828 251 1037 301 Pindarus,
1062 252 1262 303 cultusque
1287 253 1447 292 formam
1473 256 1615 302 optime

55 302 256 349 intellexit,
282 303 322 339 ni
350 302 379 338 il
403 304 532 350 tamen
583 301 662 340 uod
688 302 739 340 ad
759 302 992 340 obscoenam
1024 302 1149 341 cultus
1172 302 1334 341 formam
1360 301 1552 360 pertineat
1574 303 1615 340 in

55 351 160 389 Pane
186 350 502 390 commemoravit.
588 363 651 389 am
675 351 708 390 si
733 363 829 401 quos
853 351 958 401 apud
993 364 1079 390 eum
1110 351 1215 391 locos
1249 352 1458 390 invemmus
1491 351 1616 390 animo

57 401 342 451 perspiciamus,
368 400 511 440 Panem
535 413 682 440 summa
706 401 892 452 dignitate
915 401 1132 452 praeditum
1154 402 1362 453 intimeque
1387 413 1473 441 cum
1496 404 1618 441 matre

57 453 215 489 deorum
241 452 484 507 conjunctum
509 451 703 499 describit,
728 456 843 501 atque
868 464 954 489 eum
979 453 1089 501 quasi
1113 453 1275 491 sublime
1298 451 1455 500 aliquod
1478 463 1617 489 numen

55 503 268 548 veneratur,
292 512 326 539 si
349 511 437 538 eum
460 500 610 552 ματρός
634 502 804 550 μεγάλας
828 500 1002 549 ὀπαδόν,
1029 500 1090 552 (fr.
1117 503 1193 553 62.)
1218 501 1296 541 sive
1319 500 1490 551 μεγάλας
1514 501 1621 540 θεοῦ·

55 552 159 590 κῦνα
190 550 456 589 παντοδαπόν
491 550 552 600 (fr.
580 552 656 599 63.)
687 551 869 590 nominat.
926 551 1053 589 Etiam
1087 560 1174 589 cum
1206 550 1424 590 Charitibus
1448 562 1536 588 eum
1559 550 1615 588 in-

53 601 147 637 time
171 599 383 648 conjungit,
422 611 539 647 quum
564 601 712 647 σεμνᾶν
742 603 911 649 χαρίτων
942 600 1099 651 μέλημα
1132 603 1307 651 τερπνόν
1342 600 1402 650 (fr.
1430 601 1505 688 62.)
1531 610 1618 637 eum

55 649 171 687 fuisse
206 647 321 686 dicat.
389 648 555 687 Felicem
596 650 797 698 praeterea
832 660 919 687 eum
954 648 1175 699 praedicat,
1214 648 1317 699 quod
1359 648 1413 688 dii
1451 649 1483 689 Ο
1499 648 1618 700 ympii

58 712 144 736 eum
167 701 368 747 tantopere
395 698 601 746 honorent3
628 693 662 737 οῗ
685 701 838 749 μάκαρ,
868 698 963 738 ὅντε
989 729 998 737 .
1025 729 1034 737 .
1062 728 1071 737 .
1097 699 1303 738 καλέουσιν
1326 698 1531 749 Ὀλύμπιοι
1556 698 1617 748 (fr.

59 750 154 797 63.);
187 749 382 785 cantorem
416 759 506 785 vero
531 748 675 786 verbis:
706 747 755 787 τῦ
789 750 921 798 σαυτῷ
952 749 1068 797 μέλος
1100 748 1250 798 γλάζεις
1284 749 1345 798 (fr.
1373 751 1466 799 65.);
1505 759 1617 798 quem

59 799 175 835 cantu
201 797 316 835 etiam
341 797 505 846 virgines
529 796 727 836 honorent.
779 797 909 848 (Pyth.
935 797 1003 836 111.
1031 799 1132 848 137.)
1539 807 1544 814 ·

156 846 369 886 Simonides
401 859 491 885 vero
523 847 563 885 in
594 848 884 897 epigrammate,
919 847 1022 897 quod
1055 847 1108 885 ad-
1138 859 1306 896 pugnam
1337 847 1618 887 Marathoniam

59 895 328 934 celebrandam
353 897 589 945 conscripsit,
615 909 728 945 quam
757 908 847 934 uam
863 897 1006 935 Panem
1028 898 1258 946 τραγόπουν
1283 896 1465 945 nominat,
1490 898 1618 934 tamen

59 945 243 984 auxilium
269 946 371 995 ejus,
405 958 481 995 quo
515 945 644 985 hostes
668 959 739 997 pro
767 946 862 997 igati
887 946 979 995 sint,
1010 946 1181 985 versibus
1214 944 1423 996 praedicat.
1486 945 1617 996 (Anth.

58 996 166 1033 Plan.
193 996 258 1033 IV.
285 999 369 1034 232.
395 996 582 1044 Tauchn.)

156 1044 263 1082 Haec
288 1056 378 1082 vero
404 1044 574 1083 sublimis
600 1044 648 1083 de
675 1045 777 1083 Pane
803 1045 991 1083 sententia
1024 1044 1139 1083 etiam
1172 1044 1276 1094 apud
1307 1044 1481 1094 tragicos¹
1504 1043 1618 1092 valet,

58 1095 124 1144 qui
148 1106 235 1132 eum
258 1095 472 1145 φιλόχορον
505 1095 654 1144 (Aesch.
681 1095 784 1134 Pers.
810 1098 894 1134 443.
922 1094 1036 1144 Soph.
1062 1094 1121 1145 Aj.
1148 1096 1249 1145 694.)
1283 1095 1481 1133 nominant
1516 1106 1619 1133 eum-

58 1157 132 1192 que
165 1156 251 1181 cum
285 1144 358 1181 diis
391 1145 599 1191 maioribus
633 1145 878 1194 conjungunt.
921 1144 1071 1194 (Aesch.
1104 1145 1237 1194 Agam.
1264 1147 1322 1182 56.
1350 1156 1435 1181 cum
1461 1144 1555 1182 Jove
1581 1146 1620 1181 et

57 1193 251 1242 Apolline3
292 1193 408 1242 Soph.
445 1193 538 1232 Oed.
570 1194 611 1232 T.
649 1197 756 1232 1104.
783 1206 869 1231 cum
900 1193 1076 1243 Apolline
1102 1196 1141 1231 et
1165 1193 1358 1255 Dionyso.)
1415 1192 1619 1243 Euripides

57 1256 146 1280 vero
179 1243 364 1280 musicam
397 1243 478 1293 ejus
508 1243 712 1293 praecipue
738 1243 916 1282 laud-ibus
941 1243 1074 1291 effert,
1106 1243 1211 1294 (Eur.
1244 1243 1364 1280 Elect.
1408 1246 1490 1281 709.
1530 1242 1615 1281 Jon.

59 1296 143 1330 492.
170 1292 304 1330 Helen.
332 1296 414 1331 190.
441 1291 564 1342 Iphig.
590 1294 631 1331 T.
661 1295 785 1336 1126.)
812 1294 999 1343 simulque
1022 1292 1130 1331 illam
1161 1292 1401 1342 qualitatem,
1440 1304 1517 1341 qua
1549 1292 1617 1330 ho-

58 1343 204 1430 rfiinuml
225 1342 508 1430 animosum-igit
533 1345 659 1392 atque,
672 1342 895 1390 conturbat,
920 1355 1015 1393 prae
1041 1342 1178 1380 ceteris
1204 1345 1484 1391 commemorat.
1510 1342 1616 1391 (Eur.

97 1392 109 1430 i
166 1404 187 1429 o
207 1422 215 1429 .
245 1394 327 1430 142.
417 1404 468 1431 es.
497 1394 554 1431 36.

110 1404 266 1479 ppHaec
302 1454 392 1479 vero
432 1445 477 1479 ut
514 1392 572 1479 ita?
602 1442 727 1480 dicam
763 1443 978 1480 reverentia
1009 1454 1058 1480 ne
1090 1442 1140 1480 ab
1174 1441 1428 1497 Aristophane
1465 1441 1619 1489 quidem

61 1490 236 1539 neglecta
260 1493 329 1538 est,
358 1491 424 1539 qui
449 1503 535 1529 cum
559 1491 632 1529 diis
657 1491 866 1540 majoribus
879 1491 1022 1529 Panem
1046 1491 1198 1540 saepius
1224 1490 1429 1540 conjungit,
1455 1489 1617 1540 (Thesm.

61 1543 146 1578 983.
172 1539 318 1578 Eccles.
348 1543 454 1578 1114.
487 1542 554 1578 Av.
582 1543 666 1578 745.
701 1540 834 1589 Lysist.
862 1542 913 1589 2.)
945 1541 1129 1579 musicam
1161 1540 1242 1578 e‘us
1274 1539 1473 1588 praedicat
1505 1539 1616 1591 (Ran.

61 1590 163 1638 230.)
188 1589 299 1638 eique
323 1589 400 1626 vim
422 1590 567 1627 animos
591 1589 785 1627 hominum
810 1590 935 1628 subito
959 1553 1213 1627 conturbandi
1227 1589 1371 1627 tribuit.
1400 1589 1500 1638 (Lys.
1516 1591 1616 1637 997.)

161 1638 339 1677 Cratinus
364 1640 491 1676 autem
515 1634 744 1688 magnopere
771 1650 857 1676 cum
880 1638 1070 1689 Aeschylo'
1098 1641 1215 1689 atque
1239 1638 1405 1677 Pindaro
1433 1637 1617 1685 convenit,

62 1688 94 1726 si
120 1687 169 1726 de
193 1688 298 1726 Pane
322 1688 419 1726 haec
445 1688 557 1726 dicit:

318 1741 430 1789 χαῖρε
453 1738 914 1836 χρυσοκερωςιβαβιῧκτα,
938 1738 1066 1790 κήλων
1092 1737 1204 1786 Πάν,
1231 1735 1472 1786 Πελασγικὸν
1488 1735 1616 1787 ’Ἄργος

540 1802 560 1826 ὃ
574 1801 589 1825 ι
615 1802 776 1826 ατευων.
797 1801 802 1808 ”

160 1839 219 1876 Ex
245 1838 306 1876 his
332 1840 459 1875 autem
472 1868 480 1884 ,
508 1790 617 1886 quiz?
631 1837 761 1885 attuli,
793 1837 1019 1875 testimoniis
1044 1838 1148 1888 (nam
1172 1837 1251 1876 alia
1275 1850 1343 1875 suo
1368 1837 1473 1884 loco,
1527 1849 1616 1874 uum

61 1888 109 1925 de
132 1890 271 1925 natura
282 1887 397 1926 Panis
422 1899 545 1936 agam,
572 1898 866 1925 commemorare
890 1886 1031 1936 placet)
1064 1887 1207 1944 duplex
1234 1887 1296 1924 dei
1321 1890 1460 1924 natura
1486 1897 1507 1923 c
1523 1886 1616 1924 aris-

60 1938 154 1976 sime
177 1940 350 1988 apparet.
400 1937 497 1975 Nam
523 1949 546 1975 a
571 1937 757 1986 scriptore
782 1936 912 1986 hymni
935 1937 1128 1975 Homericl
1158 1949 1278 1987 usque
1303 1936 1355 1975 ad
1379 1936 1513 1986 poetas
1537 1937 1616 1974 tra-

61 1989 166 2036 gicos
192 1987 467 2035 comoedosque
495 1999 623 2024 omnes
648 1987 799 2025 omnino
826 1987 1075 2034 consentiunt,
1101 1987 1244 2025 Panem
1266 1998 1343 2024 non
1368 1985 1490 2023 solum
1505 1985 1617 2023 deum

60 2039 256 2086 pastorum
283 2049 375 2084 esse,
401 2036 468 2074 sed
493 2036 544 2074 ad
569 2048 655 2074 eum
679 2036 755 2074 vim
780 2035 946 2085 aliquam
972 2035 1229 2075 sublimiorem
1253 2038 1368 2093 atque
1381 2034 1493 2085 longe
1532 2047 1616 2073 rae-

60 2087 281 2125 stantiorem
306 2086 508 2135 pertinere.
561 2086 687 2132 Quare
713 2098 811 2135 quae
837 2098 954 2136 supra
978 2086 1027 2124 de
1044 2086 1160 2125 solari
1184 2086 1335 2125 Mendis
1362 2087 1479 2134 atque
1535 2085 1617 2132 anis

60 2140 198 2174 natura
222 2137 521 2183 commemoravi,
548 2136 773 2174 testimoniis
798 2136 890 2174 satis
913 2136 1031 2184 firmis
1057 2136 1305 2185 comprobata
1329 2135 1516 2173 videntur.

101 2321 122 2360 ¹)
144 2320 249 2351 Gloss.
277 2319 368 2351 MSS.
396 2320 432 2350 in
461 2321 560 2360 Verg.
592 2319 715 2361 Georg.
750 2322 776 2351 1.
809 2320 991 2352 Pindarum
1023 2330 1065 2351 ex
1106 2319 1265 2360 Apolline
1304 2321 1339 2350 et
1378 2318 1546 2359 Penelope
1581 2319 1618 2349 in

138 2361 410 2435 {aege-Lycaeo
433 2361 561 2393 editum
584 2361 675 2393 Pana
694 2362 864 2403 scripsisse
886 2363 1141 2394 commemorat.
1172 2361 1213 2393 cf.
1243 2360 1348 2402 Myth.
1380 2361 1453 2393 Lat.
1482 2371 1515 2402 p.
1546 2362 1616 2393 345.

98 2460 121 2500 ²)
143 2459 255 2506 Schol.
277 2459 419 2491 Theocr.
442 2459 489 2491 Id.
518 2462 564 2491 14.
588 2459 631 2491 ad
653 2470 844 2507 cognomen
865 2459 964 2508 Panis
985 2462 1089 2495 ἅκτιος
1111 2459 1340 2508 definiendum
1362 2458 1469 2507 affert,
1491 2459 1618 2490 Panem

138 2503 680 2593 Ξῗίἳῗῗὲᾘέἐῗῗῃοὲᾬὲιὲῆ
689 2501 1616 2590 ῗὲἒέἔιέῑέἒῗὲὴωῗὲἱ“ὶὲῗὲᾱῗῖῗῗέἒέἔ,ὶῗιῑὲἲῗὲῗ>ἶὲἓῖ

139 2585 370 2666 &rygh—'lom
393 2585 447 2615 ΠΙ.
469 2595 501 2624 p.
524 2587 595 2616 591.
616 2586 689 2618 593.
712 2586 780 2617 594.
802 2596 835 2626 p.
858 2587 936 2626 664;
970 2586 1005 2616 et
1034 2584 1076 2616 de
1106 2584 1197 2616 Pane
1227 2586 1434 2626 pmcatorum
1457 2583 1521 2615 deo
1544 2583 1565 2615 l.
1588 2592 1616 2614 c.

97 2683 119 2717 ³)
143 2682 265 2714 Cratin.
288 2684 379 2723 apud
401 2683 580 2723 Hephaest.
610 2695 642 2724 p.
665 2685 716 2716 57.
739 2684 840 2716 Gaisf.
871 2685 952 2716 Cum
973 2685 1039 2716 hoc
1061 2684 1136 2715 loco
1160 2683 1402 2715 conferendum
1425 2683 1476 2713 est
1497 2681 1615 2722 fragm.

136 2724 309 2801 (ξῌζ-ἰρίἀίε
331 2725 467 2765 Teleph.
498 2735 548 2765 ap.
583 2726 676 2757 Dion.
709 2727 746 2757 H.
780 2726 820 2758 dc
845 2736 954 2767 comp.
976 2736 1008 2766 p.
1033 2727 1102 2756 426.
1125 2724 1255 2760 Schaef.
1280 2723 1381 2767 (apud
1402 2721 1555 2755 Dindorf.
1577 2721 1614 2751 fr.

142 2774 185 2797 Υ...
