1731 2980
763 19 912 58 -42
962 41 1012 47 -

106 118 221 156 rebus
243 119 405 158 terrenis
455 120 636 169 raepositi
660 123 780 158 erant.
829 119 984 159 Hesiod.
1009 119 1082 169 Op.
1107 116 1255 158 et‘dies.
1276 122 1358 158 122.
1379 120 1501 162 Plato.
1518 123 1659 175 Cratyl.

105 179 143 215 p.
174 170 232 205 50.
258 167 397 206 Heind.
461 180 636 206 aemones
659 169 775 218 igitur
805 172 983 207 naturam
1014 167 1286 206 elementorum
1315 168 1527 220 viriumque
1549 176 1660 213 natu-

104 215 243 255 ralium
266 220 571 268 repraesentasse
595 221 707 268 puto,
732 220 776 257 ut
799 218 918 269 ignis,
945 229 1079 268 aquae,
1103 216 1270 265 telluris,
1296 219 1336 256 et
1387 229 1461 257 uae
1484 223 1659 273 sumt->ge-

103 267 207 305 neris
231 267 412 318 ejusdem.
463 267 589 314 Quare
615 269 730 307 etiam
754 268 983 308 Plutarchus
1008 267 1057 306 de
1081 267 1129 307 Is.
1156 280 1194 318 p.
1222 270 1306 306 359.
1333 279 1358 306 a
1407 267 1479 307 hos
1503 269 1657 311 daemo-

103 328 172 355 nes
196 316 284 366 illa,
320 329 417 368 quae
443 317 574 357 dolore
599 319 829 370 tristitiaque
854 318 1071 358 afficiantur
1094 317 1252 369 numina
1274 319 1510 358 numeranda
1533 323 1656 371 putat,

102 369 147 404 ut
179 367 387 419 Dionysum
421 371 459 406 et
490 369 666 408 Cererem
701 369 853 419 aliaque
877 370 1001 420 plura.
1063 369 1233 408 Fuerunt
1265 370 1392 407 autem
1425 370 1556 419 multi,
1591 373 1657 422 qui

104 417 220 455 etiam
252 418 393 456 Panem
424 418 464 456 in
494 418 595 457 hunc
626 419 852 457 daemonum
883 430 1081 457 numerum
1112 418 1331 466 redigerent
1362 430 1523 468 eumque
1555 421 1658 460 silvis

103 467 143 503 et
167 467 344 516 gregibus
366 479 544 517 praeesse
570 469 853 507 constituerent.
917 468 1041 514 Quare
1065 467 1164 505 vires
1188 467 1274 505 illas
1298 467 1658 517 incomprehensibi-

102 515 160 554 les
185 517 451 567 obscurasque,
479 529 576 567 quae
600 518 714 556 modo
739 519 857 556 vitam
882 518 1055 564 eliciunt,
1081 517 1195 555 modo
1220 517 1348 555 omnia
1370 519 1517 555 terrore
1542 520 1657 568 atque

103 566 394 615 tempestatibus
418 567 590 615 miscent,
618 579 716 617 quae
741 569 781 606 in
806 568 949 606 abditis
973 570 1098 605 terrae
1123 566 1218 605 locis
1243 566 1352 616 quasi
1375 567 1567 605 fabricant
1576 580 1656 608 mo-

103 614 227 664 doque
248 616 418 665 germina
440 617 616 665 trahunt,
644 617 758 655 modo
781 618 908 656 sonitu
932 619 1047 667 atque
1072 616 1236 654 clamore
1261 616 1387 654 omnia
1410 617 1581 666 implent,
1605 618 1656 656 ad

102 664 245 703 Panem
269 665 491 705 daemonem
515 666 736 706 referendas
759 679 840 706 esse
866 669 1030 706 censent.

200 716 284 754 Hac
309 716 463 766 quidem
495 717 688 765 doctrina,
716 730 830 767 quam
854 718 1058 767 praecipue
1082 716 1193 754 Plato
1212 716 1240 765 ¹)
1266 715 1399 764 coluit,
1426 715 1654 773 philosophi,

100 765 167 813 qui
192 764 397 804 Caesarum
421 766 656 816 temporibus
680 768 889 805 floruerunt
903 767 1107 817 praecipue
1120 765 1387 814 Neoplatonici
1403 766 1486 814 nisi,
1512 766 1654 805 doctri·

99 826 189 852 nam
222 815 271 853 de
310 816 558 855 daemonibus
589 817 798 866 perfectam
832 817 1086 855 instituerunt.
1101 816 1130 865 2)
1191 815 1264 861 Qui
1298 815 1452 864 quidem
1482 817 1654 865 quamvis

99 863 200 901 inter
225 876 266 903 se
292 864 573 915 discreparent,
599 868 727 904 tamen
752 867 977 905 sententiam
1000 866 1296 915 proposuerunt,
1323 865 1537 914 complures
1562 866 1652 905 dae-

98 924 230 951 mones
263 925 345 952 esse
376 916 575 964 mortales,
613 915 716 965 quod
752 915 905 965 quidem
937 916 985 953 de
1016 913 1200 965 Nymphis
1225 914 1307 964 jam
1330 914 1519 952 Hesiodus
1553 917 1652 954 teste

98 961 306 1002 Plutarcho
322 964 350 1015 ³)
377 965 582 1005 contendit.
617 966 682 1005 Sin
708 968 835 1004 autem
859 966 899 1003 in
923 965 1060 1004 horum
1085 964 1310 1002 daemonum
1328 976 1484 1002 numero
1508 964 1651 1004 Panem

100 1024 354 1062 numeremus,
381 1027 482 1053 mors
511 1015 591 1064 ejus
605 1015 791 1064 simulque
803 1015 959 1053 tristitia
972 1014 1039 1052 illa
1057 1016 1172 1063 atque
1189 1013 1357 1051 ululatus
1369 1025 1498 1051 earum
1512 1026 1650 1063 rerum,

99 1061 237 1111 quibus
253 1063 413 1102 daemon
426 1065 656 1113 praefuerat,
682 1065 779 1103 bene
803 1064 963 1114 intelligi
977 1065 1113 1113 potest.
1147 1063 1331 1102 Clarescit
1346 1065 1473 1101 autem
1486 1066 1524 1102 et
1542 1063 1649 1113 illud,

99 1112 202 1160 quod
225 1112 391 1151 Thamus
415 1117 532 1152 nauta
555 1127 686 1152 vocem
709 1127 750 1153 se
774 1114 924 1153 audisse
950 1113 1161 1161 contendit,
1194 1125 1308 1162 quum
1345 1114 1490 1152 sonitus
1522 1126 1650 1153 voces-

97 1173 172 1209 que
196 1164 239 1198 ut
263 1163 319 1199 ita
344 1163 467 1200 dicam
492 1164 705 1211 naturales,
740 1175 837 1212 quae
863 1164 1014 1213 saepius
1038 1163 1077 1200 in
1104 1162 1390 1219 promontoriis,
1416 1162 1519 1200 silvis
1543 1163 1648 1201 salti-

97 1209 244 1259 busque
269 1212 360 1250 oriri
386 1212 551 1259 soleant,
578 1225 814 1263 quorumque
839 1224 975 1251 causae
999 1212 1161 1261 intelhgi
1181 1224 1269 1261 pers
1297 1212 1422 1260 icique
1446 1224 1494 1250 ne
1523 1216 1649 1260 ueant,

96 1271 120 1297 a
143 1263 262 1298 nauta
284 1261 352 1299 illo
378 1262 583 1300 secundum
610 1263 668 1300 sui
691 1263 873 1312 temporis
897 1261 1203 1311 superstitionem
1238 1273 1261 1298 a
1312 1263 1473 1299 mortem
1525 1273 1649 1300 aemo-

95 1309 155 1347 nis
181 1310 397 1359 cujusdam,
425 1324 537 1361 quem
561 1312 704 1350 Panem
729 1313 896 1359 vocavit,
921 1312 1164 1349 referrentur.
1223 1310 1360 1348 Cetera
1383 1312 1510 1350 autem
1540 1314 1585 1349 ut
1607 1312 1647 1350 in

95 1359 357 1408 superstitioso
383 1360 535 1399 homine
561 1374 631 1410 per
656 1374 836 1410 angorem
860 1364 1095 1410 metumque,
1128 1362 1194 1398 aut
1217 1363 1262 1397 ut
1286 1361 1324 1397 in
1350 1362 1468 1398 nauta
1490 1373 1561 1411 per
1588 1373 1647 1400 er-

93 1420 220 1446 rorem
246 1411 362 1458 atque
386 1410 626 1449 mendacium
652 1410 786 1449 addita
810 1423 890 1449 esse
914 1410 1100 1448 videntur.

191 1458 367 1507 Legimus
397 1463 598 1509 praeterea
628 1460 733 1511 apud
763 1460 1028 1507 Plutarchum,
1051 1460 1082 1510 (ὓ)
1124 1459 1310 1498 Osiridem
1342 1459 1382 1497 in
1410 1459 1587 1509 ‘Aegypto
1621 1472 1645 1499 a

90 1507 272 1555 Typhone
304 1509 545 1547 interfectum
575 1522 657 1548 esse
690 1522 897 1559 necemque
932 1510 1011 1559 ejus
1046 1521 1070 1547 a
1094 1509 1262 1546 Paniscis
1295 1508 1389 1546 Isidi
1418 1510 1641 1548 nuntiatam.

88 1557 249 1594 Accedit
281 1560 409 1596 autem
445 1559 601 1608 quidam
632 1559 734 1609 ἱερὸς
760 1560 870 1608 λόγος
895 1558 1159 1609 mysteriorum
1180 1557 1566 1606 Samothracensium,
1600 1562 1645 1597 ut

87 1609 245 1654 vocant,
284 1607 492 1646 secundum
531 1621 642 1657 quem
680 1609 888 1658 Dionysum
919 1621 944 1646 a
976 1608 1123 1646 duobus
1162 1606 1439 1656 Corybantibus
1476 1609 1641 1647 occisum

88 1656 247 1705 ejusque
281 1659 398 1695 testes
429 1658 468 1694 in
505 1658 639 1696 cistam
671 1659 862 1707 quandam
895 1658 1061 1695 inclusos
1093 1657 1132 1694 in
1157 1656 1404 1712 Tyrrheniam
1436 1658 1641 1697 translatos

87 1717 168 1743 esse
194 1709 362 1744 narrant.
377 1707 404 1756 ε’)
457 1707 635 1757 Magnam
660 1720 749 1745 vero
778 1707 956 1757 deinceps
981 1706 1029 1744 de
1054 1705 1127 1744 hac
1152 1706 1308 1756 Dionysi
1334 1718 1426 1744 nece
1449 1707 1645 1759 tristitiam

84 1754 420 1806 vehementemque
448 1757 641 1806 querelam
669 1770 750 1796 esse
777 1760 910 1804 ortam,
939 1768 1068 1795 omnes
1092 1755 1246 1794 fabulae
1273 1756 1520 1795 consentiunt.

185 1806 323 1845 Sensus
348 1819 438 1845 vero
462 1807 614 1846 illarum
639 1807 855 1846 fabularum
883 1809 985 1845 certe
1022 1819 1107 1844 cum
1130 1805 1273 1856 mytho,
1300 1818 1411 1855 quem
1439 1806 1487 1845 de
1511 1807 1643 1846 Attide

83 1857 200 1904 atque
224 1856 398 1895 Adonide
423 1856 594 1907 legimus,
610 1858 640 1907 ⁶)
666 1858 862 1905 consentit,
888 1860 1003 1907 atque
1027 1868 1110 1895 eam
1135 1856 1329 1895 tristitiam
1342 1856 1540 1906 significat,
1566 1870 1643 1907 qua

81 1916 210 1943 rerum
233 1908 372 1944 natura
398 1906 561 1946 brumali
585 1911 755 1957 tempore
781 1907 956 1946 afficitur.

125 2054 145 2095 ¹)
168 2054 277 2087 Plato.
299 2055 385 2086 Tim.
406 2066 439 2096 p.
461 2058 511 2088 40.
533 2058 625 2088 Tom.
646 2056 701 2088 IX.
721 2067 754 2097 p.
785 2058 856 2088 324.
894 2055 933 2087 Bi
961 2080 968 2087 .
1012 2055 1134 2096 Cratyl.
1154 2065 1187 2096 p.
1208 2056 1258 2086 51.
1279 2054 1400 2087 Heind.
1421 2055 1472 2087 De
1494 2056 1585 2098 legg.
1605 2067 1638 2097 p.

161 2097 232 2127 349.
253 2096 358 2128 Bekk.
379 2096 565 2137 Epinomis,
587 2098 674 2132 vm.
695 2108 728 2138 p.
745 2099 816 2129 510.
837 2098 908 2129 Ast.
953 2107 1081 2138 ympos.
1102 2107 1133 2137 p.
1153 2098 1223 2130 106.
1238 2096 1279 2128 Ε.
1302 2096 1419 2128 Stallb.
1441 2107 1516 2129 cum
1539 2098 1639 2130 notia.

158 2137 259 2169 Polit.
281 2148 312 2178 p.
335 2140 407 2170 271.
430 2140 501 2174 539.
527 2139 560 2170 C.
581 2138 698 2171 Stallb.

120 2179 288 2251 2)Ι1ἰ10ἰ111.
311 2180 461 2212 Ennead.
484 2181 539 2213 111.
563 2183 593 2213 5.
615 2183 645 2213 6.
687 2181 867 2213 Jamblich.
890 2179 933 2212 de
953 2183 1052 2221 myst.
1073 2181 1156 2221 Aeg.
1180 2181 1207 2211 1.
1232 2181 1280 2211 17.
1302 2179 1466 2221 Porphyr.
1488 2181 1530 2213 de
1552 2182 1637 2215 abst.

118 2261 140 2298 ³)
161 2262 247 2293 Plut.
271 2262 314 2293 de
336 2272 424 2295 orac.
450 2263 515 2296 def.
538 2264 593 2296 XI.

115 2303 140 2341 4)
162 2303 248 2335 Plut.
271 2303 314 2335 dc
334 2305 373 2337 Is.
396 2308 431 2336 et
454 2305 506 2337 Os.
527 2317 560 2346 p.
583 2306 654 2338 356.
676 2306 715 2337 D.
740 2315 773 2346 p.
796 2306 868 2339 461.
889 2305 1063 2345 Wyttenb.

116 2345 139 2384 ⁵)
163 2345 326 2377 Clemens.
346 2346 501 2388 Protrep.
523 2358 557 2388 p.
581 2349 630 2382 15.
653 2348 782 2379 Potter.
803 2347 928 2379 Arnob.
950 2346 1025 2379 adv.
1047 2348 1140 2388 gent.
1161 2346 1185 2378 Ι.
1206 2348 1258 2378 41.

113 2397 137 2439 ⁶)
160 2397 303 2429 Movers.
323 2398 450 2431 Phoen.
471 2400 497 2433 Ι.
519 2410 551 2440 p.
573 2402 644 2432 201.
666 2410 714 2440 sq.
757 2398 922 2440 Bottiger.
944 2398 993 2430 Id.
1013 2409 1041 2432 z.
1062 2398 1277 2439 Kunstmyth.
1299 2398 1324 2431 I.
1344 2399 1415 2431 281.
1457 2397 1566 2438 Quare
1587 2400 1634 2431 fa-

155 2438 271 2471 bulam
292 2439 334 2471 de
355 2443 467 2473 morte
488 2442 587 2474 Panis
612 2442 749 2474 omnino
772 2451 792 2472 a
812 2440 930 2481 mytho
953 2440 995 2472 de
1015 2450 1098 2473 nece
1111 2440 1252 2473 Osiridis
1264 2450 1334 2473 non
1360 2439 1552 2481 abhorrere,
1572 2442 1633 2474 sed

155 2481 250 2521 quasi
290 2480 434 2515 formam
475 2483 636 2516 Graecam
675 2483 785 2524 mythi
814 2482 974 2524 Aegyptii
1006 2492 1077 2515 esse
1090 2507 1098 2523 ,
1133 2483 1347 2515 'contendere
1381 2483 1438 2515 vix
1463 2482 1632 2525 dubitem.

154 2522 290 2562 Mythus
312 2533 410 2564 vero,
435 2525 492 2565 qui
514 2526 558 2557 ad
581 2526 750 2558 Osiridem
770 2524 937 2565 pertinet,
959 2526 1115 2556 naturam
1135 2525 1367 2565 indolemque,
1389 2526 1430 2556 ut
1449 2525 1499 2556 ita
1520 2525 1631 2557 dicam

153 2564 416 2596 astronomicam
437 2566 677 2608 physicamque
698 2567 861 2599 continet.
895 2565 997 2597 Osiris
1019 2565 1109 2597 enim
1130 2566 1314 2598 secundum
1334 2565 1489 2607 mythum
1498 2567 1631 2608 Aegyp-

153 2607 280 2637 tiorum
309 2605 438 2648 primus
471 2607 612 2640 deorum
639 2610 739 2640 natus
768 2609 837 2647 est,
872 2607 929 2648 qui
952 2607 1098 2648 quinque
1119 2607 1238 2639 diebus
1257 2608 1455 2648 praeerant,
1486 2617 1629 2649 quorum

152 2658 294 2679 numero
317 2659 424 2680 annus
447 2650 564 2682 solaris
585 2651 739 2682 lunarem
760 2659 885 2681 annum
908 2651 1062 2690 superet3
1085 2651 1187 2690 atque
1209 2659 1311 2690 quum
1332 2651 1430 2681 natus
1444 2651 1541 2690 esset,
1562 2659 1629 2682 vox

152 2689 267 2720 audita
289 2693 359 2721 est:
383 2690 518 2722 »Totius
539 2692 658 2723 mundi
680 2691 836 2723 dominus
857 2691 956 2721 natus
979 2691 1057 2725 est,«
1101 2691 1183 2731 Ejus
1203 2700 1270 2722 nex
1291 2693 1405 2722 autem
1424 2690 1462 2721 in
1476 2691 1628 2723 autumni

149 2732 307 2772 tempora
328 2730 459 2772 incidit,
483 2733 602 2774 quibus
625 2733 696 2766 dies
718 2733 899 2773 lumenque
922 2730 1078 2764 diurnum
1100 2731 1296 2765 decrescere
1308 2731 1428 2767 solent..
1448 2740 1627 2774 rerumque

147 2776 269 2805 natura
291 2773 386 2814 quasi
407 2774 519 2815 perire
541 2776 683 2808 videtur.
720 2774 900 2815 (Gfroerer.
923 2773 1002 2815 Urg.
1025 2774 1057 2806 d.
1077 2775 1226 2807 mensch.
1249 2774 1381 2810 Geschl.
1401 2773 1442 2806 Π.
1462 2784 1496 2816 p.
1508 2776 1577 2808 17¹7.
1589 2774 1626 2821 ο..)

148 2815 436 2858 QuareAegyptii,
458 2816 556 2849 sicuti
568 2818 698 2850 Osiride
721 2819 801 2849 nato
824 2825 940 2848 vocem
965 2816 1115 2848 auditam
1136 2826 1207 2849 esse
1227 2816 1477 2857 fabulabantur,
1502 2816 1626 2848 »domi-
