1731 2980
722 45 970 80 -24-

169 143 275 180 Haec
305 141 442 189 habui,
482 152 580 191 quae
612 140 660 178 de
692 140 799 179 cultu
830 141 946 180 Panis
974 142 1086 191 apud
1109 143 1287 182 <Arcades
1324 144 1628 193 atqmff-Affioo·

71 204 415 231 commemorarem.
465 191 574 237 Quod
599 190 650 228 ad
683 190 827 229 insulas
857 193 972 241 atque
1005 195 1128 231 terras
1152 192 1423 243 Peloponnesi,
1447 192 1628 244 ubi->eum

70 243 215 280 cultum
240 254 323 281 esse
347 242 570 288 invenimus,
594 240 753 289 adtinet,
780 241 895 279 certis
918 241 1145 280 testimoniis
1164 242 1413 292 comprobare
1436 248 1514 280 non'
1538 256 1627 300 pos-

70 305 210 340 sumus,
236 294 365 330 utrum
390 304 437 329 ex
463 289 632 330 Arcadia
657 290 735 328 sive
760 291 899 338 Attica,
926 302 975 329 an
1000 303 1048 330 ex
1072 292 1245 341 Aegypto
1271 304 1317 331 eo
1333 291 1504 342 perlatus
1521 295 1582 331 sat.
1598 294 1626 343 ¹)

71 342 146 381 Sed
183 341 281 380 illud
321 343 487 390 constat,
526 340 670 378 cultum
704 340 818 379 Panis
880 343 1006 380 ostero
1037 342 1473 393 temporeffimagnopere
1506 341 1629 381 divul-
1687 341 1691 347 '

70 396 202 442 gatum
227 404 325 439 esse,
351 394 488 441 atque,
515 403 632 440 quum
657 391 823 429 aliorum
872 404 1002 430 eorum
1026 392 1153 431 cultus
1175 394 1216 430 in
1240 392 1323 431 dies
1345 393 1470 442 magis
1490 393 1629 442 magis-

71 454 150 528 gue,
171 444 434 488 evanesceret,
460 441 528 478 diu
553 439 679 478 adhuc
703 440 895 488 floruisse,
932 441 1111 490 quoniam
1134 453 1273 480 numen
1299 441 1484 480 et--forma
1509 444 1548 480 et
1571 442 1629 479 in—

98 491 159 529 ole
184 491 376 529 hominum
401 490 547 529 animos
572 489 772 527 obtineret.
798 490 827 539 ²)

719 715 722 719 y
788 648 913 709 §.z

572 769 836 816 Parentes
880 771 1056 816 Panis.
1084 772 1119 824 ⁸)

69 948 143 987 bus
167 948 249 986 Pan
271 897 1629 997 ...123³..sssnpffiffifiyffi‘sufflasti-1¹23?*gssssssgfbgssffiffi

68 998 240 1045 Hermes,
266 999 390 1035 mater
413 1008 503 1034 vero
527 998 660 1047 νύμφη
687 996 941 1045 ἐϋπλόκαμος
967 999 1149 1047 Δρύοπος
1173 996 1402 1035 nominatur.
1453 996 1628 1045 Legimus

70 1050 198 1086 autem
223 1049 426 1097 praeterea
450 1057 532 1083 esse
557 1057 643 1083 eum
667 1045 787 1083 filium
811 1045 1001 1083 Hermetis
1018 1048 1134 1095 atque
1146 1046 1372 1096 Penelopae,
1398 1058 1513 1096 quam
1531 1046 1628 1085 Her-

69 1110 150 1136 mes
175 1096 212 1135 vi
237 1100 353 1146 atque
379 1095 467 1133 dolo
494 1096 759 1144 compresserit
784 1097 900 1144 atque
923 1095 1047 1133 forma
1073 1096 1178 1145 capri
1206 1095 1362 1135 indutus
1388 1108 1516 1134 secum
1541 1108 1630 1134 con-

65 1147 246 1196 junxerit.
254 1147 286 1194 ⁴)
340 1144 451 1190 Quod
476 1144 630 1193 quidem
657 1144 698 1181 in
721 1145 898 1192 Arcadia,
926 1148 1131 1194 antequam
1156 1145 1346 1195 Penelope
1371 1145 1488 1195 Ulyxi
1511 1146 1631 1183 nube—

68 1199 151 1244 ret,
176 1196 321 1233 factum
346 1206 430 1233 esse
457 1196 761 1232 commemorant.
813 1194 928 1243 Apud
952 1194 1048 1232 alios
1080 1195 1176 1233 alias
1200 1195 1339 1233 iterum
1365 1195 1413 1233 de
1437 1195 1522 1243 eius
1544 1196 1630 1233 ortu

69 1248 186 1295 atque
210 1244 435 1294 parentibus
459 1243 610 1281 fabulas
634 1243 794 1293 legimus
807 1274 816 1290 ,
844 1255 892 1282 ex
919 1244 1057 1293 quibus
1081 1245 1249 1283 studium
1273 1244 1467 1294 quoddam
1491 1244 1627 1291 elucet,

69 1308 157 1334 eum
183 1298 251 1333 aut
276 1307 364 1333 cum
387 1294 567 1332 Hermete
592 1296 660 1331 aut
686 1305 772 1331 cum
795 1293 963 1343 Dionyso
987 1296 1055 1332 aut
1083 1294 1259 1344 Apolline
1284 1294 1548 1344 conjungendi,
1567 1294 1629 1332 vita

68 1349 113 1384 ut
139 1357 186 1384 ex
211 1344 351 1394 mythis
375 1343 469 1393 ipsis
494 1342 773 1393 quodammodo
796 1355 894 1393 quae
919 1355 1037 1393 supra
1061 1344 1110 1382 de
1133 1344 1257 1383 tribus
1281 1343 1341 1383 his
1365 1343 1439 1383 diis
1466 1355 1628 1383 comme-

67 1394 464 1483 mgravinfflucescere,
489 1392 676 1442 simulque
701 1405 778 1443 quo
803 1393 889 1432 loeo
911 1392 1065 1432 fabulae
1077 1394 1184 1443 ipsae
1208 1396 1315 1433 ortae
1329 1394 1415 1441 sint,
1441 1405 1628 1444 apparere

67 1458 105 1484 v1
134 1457 205 1483 ean
272 1474 280 1482 .

172 1493 298 1540 Quare
318 1493 400 1544 jam
425 1492 476 1531 ad
501 1492 669 1542 singulas
691 1492 843 1531 fabulas
863 1492 1085 1531 tractandas
1099 1493 1312 1543 aggredior,
1338 1505 1478 1543 easque
1493 1492 1629 1543 quoad

151 1642 194 1675 cf.
214 1642 237 1674 l.
259 1652 287 1674 e.
308 1642 350 1674 11.
371 1642 442 1673 469.
465 1641 595 1682 Operae
615 1641 763 1681 pretium
786 1650 855 1674 esse
875 1641 1011 1674 videtur
1030 1641 1244 1682 sententiam,
1267 1652 1368 1684 quam
1389 1641 1500 1675 Stuhr.
1521 1640 1630 1683 Relig.

150 1685 239 1725 Syst.
261 1683 362 1724 (Berl.
384 1684 488 1723 1838.)
518 1683 557 1716 T.
588 1682 626 1714 ΙΙ.
663 1692 697 1722 p.
727 1684 787 1714 313
817 1682 972 1723 profert,
1000 1682 1164 1715 hocloco
1187 1693 1471 1716 commemorare:
1515 1682 1630 1715 ›Ohne

149 1723 287 1757 Zweifel
308 1724 408 1756 stand
429 1724 485 1755 die
506 1723 696 1755 Aufnahme
718 1723 776 1755 des
796 1724 1034 1756 Pan-Dienstes
1054 1724 1090 1755 in
1101 1724 1215 1756 Athen
1236 1721 1280 1756 in'
1295 1726 1405 1757 einem
1425 1725 1547 1756 innern
1566 1724 1630 1756 Zu-

149 1766 397 1807 sammenhang
417 1765 483 1796 mit
503 1766 581 1796 dem
602 1764 651 1796 im
671 1765 788 1796 Leben
811 1765 870 1797 des
891 1764 997 1796 Volks
1018 1775 1085 1797 von
1106 1765 1219 1797 Athen
1239 1765 1408 1808 kreftiger
1437 1766 1629 1798 erwachten

149 1809 285 1849 Ringen
304 1817 363 1839 um
383 1806 537 1839 Freiheit
557 1806 628 1838 und
650 1805 851 1839 Gleichheit.
901 1806 950 1839 Er
982 1816 1055 1839 war
1084 1806 1146 1838 der
1166 1806 1251 1839 Gott
1279 1807 1341 1840 der
1367 1807 1456 1840 nach
1483 1807 1631 1843 hahere:-

149 1848 492 1890 staatsbfirgerlieher
513 1847 791 1880 Bedeutsamkeit
811 1847 1019 1879 strebenden
1040 1848 1182 1880 niedern
1203 1848 1331 1881 Stiinde
1351 1849 1411 1882 des
1432 1850 1564 1888 Volks.‹
1595 1879 1597 1882 ⁴

110 1902 132 1943 1)
153 1901 251 1941 Quod
281 1900 326 1932 ad
362 1900 496 1931 Cretam
527 1899 679 1939 adtinet,
710 1898 930 1939 Epimenides
962 1899 1153 1941 sententia,
1176 1910 1277 1941 quam
1299 1900 1348 1934 de·
1362 1901 1453 1933 Pane
1472 1898 1631 1942 protulit,

151 1942 336 1982 (Eratosth.
359 1941 485 1974 Catast.
505 1940 573 1983 27.)
596 1940 726 1990 cultum
746 1940 846 1973 Panis
867 1949 910 1973 ex
930 1940 1084 1983 Aegypto
1105 1939 1249 1975 in.hane
1269 1941 1414 1984 insulam
1461 1940 1628 1975 ervenisse

149 1985 310 2017 declarat.
333 1984 374 2016 ef.
398 1983 440 2015 de
460 1992 551 2015 nexu
571 1982 669 2024 huJus
689 1982 819 2014 insulae
841 1992 917 2014 cum
938 1983 1095 2024 Aegypto
1116 1983 1261 2015 Movers.
1281 1983 1407 2017 Phoen.
1446 2008 1454 2016 .
1471 1994 1504 2028 p.
1516 1986 1566 2016 24.
1579 1994 1594 2016 s
1620 2009 1627 2015 .

234 2025 332 2066 Quod
355 2034 435 2059 vero
458 2024 502 2056 ad
523 2024 606 2056 alias
628 2024 789 2056 Graeciae
810 2026 929 2065 gentes
960 2024 1092 2057 adtinet
1125 2024 1268 2058 fortasse
1300 2026 1507 2059 contendere
1537 2026 1584 2063 lie
1621 2048 1629 2065 ,

148 2069 186 2100 in
206 2068 352 2108 Panem,
383 2077 486 2107 quum
517 2066 608 2107 apud
640 2066 748 2098 Dores
768 2066 799 2098 A
823 2066 891 2098 0110
913 2070 1070 2109 Καρνεῖος,
1101 2066 1207 2108 (Paus.
1228 2067 1283 2101 IV.
1305 2069 1355 2100 31.
1378 2070 1407 2101 1.
1427 2067 1524 2104 Pind.
1544 2066 1627 2100 Isth.

148 2111 203 2143 VI.
214 2111 263 2143 14.
284 2110 383 2151 Pyth.
406 2109 445 2141 V.
459 2110 510 2141 70.
532 2107 807 2141 Welcker.Griec
833 2107 953 2142 ,GttrL
991 2133 999 2141 .
1012 2109 1096 2150 487.)
1109 2109 1176 2151 qui
1197 2109 1300 2142 etiam
1313 2113 1449 2152 τροὶγως·Ἰ
1466 2111 1502 2142 et
1521 2112 1630 2148 νόμως

149 2152 318 2191 (Welcker
338 2151 361 2183 1.
385 2161 412 2182 o.
434 2161 468 2191 p.
490 2152 574 2190 485.)
596 2150 852 2190 appellabatur,
884 2159 951 2190 apu
995 2151 1118 2182 Aeoles
1138 2159 1220 2187 vero
1241 2151 1407 2191 Dionysus
1427 2150 1630 2184 sublimiori-

150 2194 212 2226 bus
234 2192 455 2233 qualitatibus
476 2193 617 2223 ornatus
640 2190 837 2232 fingeretur,
860 2200 977 2223 omnes
998 2190 1121 2223 horum
1142 2191 1333 2236 qualitates,
1355 2201 1440 2233 quae
1453 2191 1497 2224 ad
1507 2201 1629 2234 greges

149 2234 446 2307 augerfidostatque
466 2233 612 2266 tuendos
629 2234 793 2275 spectent,
815 2232 995 2265 translatas
1016 2241 1160 2274 eumque
1180 2235 1318 2274 postero
1339 2235 1495 2276 tempore
1505 2233 1628 2266 horum

148 2286 223 2308 vice
256 2285 322 2307 unc
338 2286 395 2307 um
420 2285 500 2308 esse.

108 2328 132 2370 Ξ)
153 2326 321 2359 Welcker.
347 2325 482 2359 Griech.
504 2324 649 2360 Gotterl.
696 2350 704 2358 .
726 2326 789 2357 454
810 2335 858 2365 sq.
889 2324 1060 2357 insolitam
1094 2324 1193 2357 Panis
1221 2325 1368 2359 formam
1398 2326 1545 2358 multum
1574 2335 1630 2358 va-

149 2368 250 2402 luisse
273 2367 434 2408 declarat,
456 2367 548 2408 quod
567 2369 639 2399 tam
684 2367 720 2399 iu
741 2367 851 2400 cultus
874 2367 944 2408 ejus
964 2366 1056 2408 apud
1078 2366 1223 2400 Graecos
1245 2367 1407 2401 floruerit.

109 2421 132 2462 3)
155 2420 196 2452 ef.
220 2419 427 2466 Genealogia
449 2419 547 2465 Panis
568 2419 659 2459 apud
687 2419 806 2450 Lauer.
838 2418 924 2458 Syst.
956 2418 987 2449 d.
1019 2418 1128 2458 Myth.
1160 2429 1193 2459 p.
1225 2421 1297 2453 234.
1319 2421 1354 2451 et
1376 2429 1463 2459 quae
1484 2419 1628 2451 Vaterus

149 2461 330 2536 {gntslfflipl
362 2470 399 2491 m
431 2460 547 2501 Eurip.
579 2459 679 2492 Rhes.
701 2461 752 2491 36.
775 2470 808 2500 p.
831 2462 880 2491 11.
914 2460 949 2490 et
978 2459 1028 2491 86.
1061 2469 1111 2500 sq.
1142 2460 1390 2492 emendandum
1404 2484 1413 2502 ‚
1453 2459 1627 2502 praeclare

108 2557 131 2597 ⁴)
153 2556 281 2591 Herod..
294 2555 335 2587 II.
351 2555 429 2585 145:
451 2556 484 2585 ἐκ
505 2557 684 2593 Πηνελόπης
695 2557 752 2595 γὰρ
771 2555 940 2594 καὶἙρμέω
962 2557 1079 2594 λέγεται
1098 2558 1242 2594 γενέσθαι
1263 2557 1325 2587 end
1343 2556 1493 2595 Ἑλλήνων
1513 2555 1533 2585 o‘
1554 2557 1629 2586 Πάν.

150 2598 192 2630 cf.
214 2599 394 2638 praeterea
416 2594 458 2626 de
480 2595 680 2636 genealogia
700 2595 815 2627 Panis:
836 2595 923 2626 Plut.
945 2595 987 2627 de
1010 2605 1098 2627 orac.
1121 2595 1188 2628 def.
1208 2596 1263 2628 Iv.
1286 2598 1356 2628 110.
1389 2594 1526 2627 Lucian.
1548 2595 1626 2627 dial.

151 2640 245 2671 deor.
266 2638 369 2670 XXII.
392 2637 430 2668 T.
451 2636 492 2667 II.
512 2646 546 2677 p.
568 2638 618 2668 76.
663 2637 737 2677 Bip.
759 2636 877 2668 Cicero
899 2635 942 2667 de
961 2638 1032 2669 nat.
1058 2637 1153 2672 deor.
1172 2637 1229 2669 111.
1250 2638 1301 2669 22.
1322 2637 1447 2678 Hygia.
1467 2635 1536 2668 fab.
1558 2638 1630 2668 224.

149 2681 241 2713 Serv,
262 2680 362 2722 Verg.
385 2679 467 2710 Aen.
488 2678 526 2710 Π.
548 2679 599 2712 43.
619 2677 809 2720 Philargyr.
832 2677 934 2720 Verg.
954 2678 1026 2711 Ecl.
1046 2678 1087 2711 11.
1109 2679 1160 2710 32.
1181 2678 1284 2711 schol.
1306 2677 1538 2713 Theoersm
1555 2678 1628 2710 109.

150 2723 286 2755 Maxim.
309 2722 431 2763 Synag.
455 2719 498 2751 ad
521 2719 620 2762 Greg.
641 2721 720 2752 Naz.
742 2720 824 2753 Stel.
845 2720 871 2751 Ι.
893 2731 927 2762 p.
950 2722 1021 2754 141.
1074 2720 1116 2752 cf.
1139 2720 1294 2753 Meineke
1314 2719 1411 2752 Anal.
1433 2719 1529 2752 Alex.
1551 2729 1629 2761 pag.

151 2765 222 2796 158.
254 2773 303 2804 sq.
354 2763 494 2808 Postero
524 2763 703 2808 praecipue
732 2764 889 2803 tempore
918 2762 1052 2793 fabulae
1084 2761 1329 2794 diversissimae
1359 2761 1462 2801 atque
1482 2761 1629 2793 maxime

151 2804 319 2838 absurdae
340 2805 383 2837 de
405 2804 505 2836 Pams
526 2803 724 2844 parentibus
746 2803 940 2845 divulgatae
963 2805 1079 2844 erant,
1112 2813 1195 2844 quas
1218 2804 1308 2846 apud
1329 2802 1474 2836 Ahrens:
1515 2802 1631 2837 Bucol.
1659 2835 1661 2837 .

151 2848 269 2882 Graec.
292 2847 387 2887 reliq.
414 2846 505 2878 1859.
529 2845 563 2877 T.
587 2845 628 2876 Π.
648 2855 681 2885 p.
705 2848 754 2878 34.
776 2856 850 2884 nro.
875 2845 1130 2913 15—25.·legas.
