1731 2980
745 94 825 106 -»--
847 82 894 117 23
945 102 995 107 .-

89 176 305 235 testimonia
337 189 419 218 esse
450 181 628 236 censent,
670 179 813 219 Panem
850 182 938 219 ante
971 190 1138 230 pugnam
1169 178 1446 218 Marathoniam
1480 180 1643 218 Athenis

189 240 545 328 Nuntissgnquidenm
607 289 694 318 uem
716 278 966 329 Phidippides
988 276 1202 326 reiert‚·ab
1227 276 1313 326 ipso
1337 277 1446 317 fictus
1471 279 1547 326 est,
1574 279 1639 328 (cf.

90 324 339 382 Schoemann.
369 328 441 386 Op.
467 329 536 369 Ac.
655 341 694 378 p.
719 329 820 385 439.)
845 331 884 367 et
907 341 985 379 qua
1003 328 1058 367 de
1083 339 1200 367 causa
1223 326 1325 366 hanc
1342 327 1510 368 fabulam
1522 329 1639 368 Athe-

89 387 239 416 menses
261 376 444 427 docuerit,
468 377 511 417 1d
534 389 636 416 nunc
659 380 864 427 quaentur.

189 425 276 467 Jam
301 440 418 479 supra
441 427 739 475 commemoravi,
763 429 852 467 ante
875 427 1112 479 Epimenidis
1137 428 1302 466 aetatem
1316 425 1458 465 Panem
1478 428 1639 467 cultum-

89 487 164 564 {ue
190 476 272 535 ejus
296 477 403 528 apud
427 490 605 534 magnam
637 477 854 535 incolarum·
869 479 1083 518 Atticorum
1115 480 1265 534 partem
1290 476 1482 532 cognitum
1503 479 1635 525 fuisse3

119 526 352 584 pimemdem
379 538 428 584 ue
451 539 586 576 1psum,
612 527 765 575 cultum,
791 540 857 577 qui
879 530 1095 585 temporum
1119 528 1408 584 lmportumtate
1421 537 1539 575 magis
1556 540 1637 567 ma-

87 626 127 682 61
175 577 896 682 Πιῗᾱιῗιοῖξίοξιιὲῖῗθῗῗῃῒυῖωρέἑέ’
915 579 1058 677 pig-iii?
1071 579 1315 665 {thigdlildgssis
1339 575 1637 680 tesmulriglreagtolffi

88 685 148 712 ms
172 686 403 731 magnopere
426 677 525 713 mter
549 688 589 714 se
644 677 651 684 “
675 677 890 725 ceptarent,
924 675 1035 732 plehs
1059 687 1149 713 vero
1187 675 1555 730 contra-optimates
1578 687 1639 712 eo-

89 722 1641 823 ?fflssiemssssffufmapffiffigffie‘infflrPiil'fnssuituufflussfflffiffeffl⁰33⁰?ss
1675 746 1689 755 “

82 821 227 872 plebeji
250 824 405 861 auctum
422 825 543 874 atque
566 824 703 863 iterum
726 823 942 863 institutum
966 835 1060 863 esse,

186 881 263 921 Sed
288 892 405 933 quum
428 885 515 933 post
537 885 711 934 tempora
735 883 883 923 Solonis
907 885 1037 933 partes
1061 883 1201 921 iterum
1232 881 1560 920 vehementissime
1584 882 1641 920 in-

86 933 147 970 ter
171 943 211 971 se
236 932 479 983 dimicarent,
510 936 626 984 atque
657 933 859 983 optimates
877 932 968 982 jura.
1002 932 1126 989 plebis
1148 932 1270 981 magis
1292 932 1490 980 magisque
1513 931 1643 970 laede-

85 984 184 1030 rent,
208 981 405 1033 ipsamque
429 995 476 1021 ex
499 982 733 1032 reipublicae
757 982 1088 1021 administratione
1113 981 1315 1020 excludere
1329 980 1541 1029 studerent,
1564 981 1645 1031 pri—

87 1043 192 1069 mum
215 1032 343 1070 statim
367 1033 597 1083 religionem,
624 1032 685 1070 cui
708 1031 834 1081 plebis
857 1043 895 1069 m
946 1043 997 1069 na
1020 1043 1112 1081 pars
1138 1030 1270 1069 dedita
1293 1032 1388 1078 erat,
1415 1030 1641 1079 opprimere,

87 1080 275 1130 deumque
300 1081 408 1120 illum
432 1094 570 1121 vanum
594 1081 821 1131 irritumque
845 1080 915 1119 red
943 1092 1007 1119 ere
1033 1082 1250 1131 coeperunt.
1288 1079 1415 1125 Quare
1434 1092 1551 1129 quum
1574 1092 1641 1130 pe-

83 1129 246 1169 riculum
270 1134 358 1171 ante
381 1144 547 1182 pugnam
571 1131 852 1170 Marathoniam
882 1130 1115 1178 immineret,
1149 1130 1260 1187 plebs
1285 1131 1408 1178 certe,
1441 1130 1642 1179 quominus

86 1191 194 1218 arma
218 1184 373 1230 caperet
397 1181 569 1220 hostibus
596 1193 644 1219 ue
663 1181 745 1230 jam
768 1181 809 1218 in
833 1182 977 1218 terram
1001 1180 1233 1218 irruent1bus
1255 1179 1463 1227 resisteret,
1488 1191 1641 1218 recusa-

82 1229 138 1267 vit
169 1241 193 1267 a
237 1242 284 1268 ue
318 1231 519 1288 optimates
543 1233 561 1268 t
594 1230 610 1273 ,⁸
636 1229 750 1268 modo
774 1229 815 1267 in
838 1229 1044 1267 maximum
1069 1228 1271 1267 discrimen
1294 1228 1454 1267 vocavit.
1503 1229 1640 1279 Itaque

89 1280 133 1316 ut
155 1278 218 1328 ple
245 1292 305 1318 em
328 1281 502 1318 timidam
527 1282 643 1329 atque
667 1278 902 1329 pertinacem
928 1281 1206 1318 commoverent
1219 1308 1228 1326 ,
1261 1278 1409 1317 nobiles
1432 1278 1484 1316 ad
1509 1279 1641 1317 dolum

87 1328 334 1379 fraudemque
362 1330 573 1379 confugisse
597 1328 785 1375 videntur,
809 1330 926 1377 atque
949 1328 1056 1378 plebi
1079 1327 1192 1366 deum
1207 1357 1216 1375 ‚
1244 1339 1357 1377 quem
1379 1328 1465 1377 ipsa
1498 1329 1641 1367 coleret

87 1379 127 1414 et
148 1390 242 1427 prae
267 1379 403 1417 ceteris
425 1377 777 1435 honorarem-quasi
801 1380 1013 1428 πρόμαχον
1037 1377 1324 1415 constituerunt.
1375 1377 1500 1423 Quare
1522 1379 1638 1417 etiam

87 1426 200 1466 deum
229 1425 370 1468 εὔνουν
401 1428 594 1466 finxerunt
629 1426 818 1476 smulque
849 1425 1297 1480 συμμαχήσονταῆξειν.
1355 1426 1448 1465 Post
1498 1440 1638 1477 ugnam

85 1489 173 1515 vero
198 1477 478 1516 Marathoniam
501 1476 666 1515 feliciter
688 1475 887 1525 fausteque
911 1480 1107 1526 peractam
1133 1478 1258 1515 cultus
1281 1475 1396 1514 Panis
1419 1490 1473 1527 pu
1500 1477 1572 1515 lice
1595 1477 1636 1515 in

85 1526 178 1566 urbe
202 1526 358 1567 habitus
382 1528 459 1575 est,
484 1528 601 1576 atque
624 1525 735 1575 plebs
769 1528 851 1565 tum
882 1526 1033 1565 demum
1066 1538 1180 1575 quem
1198 1525 1281 1576 jam
1305 1525 1482 1575 primitus
1510 1527 1636 1567 colue-

83 1578 146 1614 rat
170 1577 284 1616 deum
306 1577 348 1615 in
371 1576 566 1627 publicum
590 1575 782 1626 produxit.

182 1640 288 1688 Quae
320 1653 436 1691 quum
466 1640 538 1679 tali
567 1639 681 1679 modo
714 1639 982 1690 disposuerim,
1015 1641 1178 1679 maxime
1209 1640 1452 1692 perspicuum
1484 1641 1636 1680 videtur

82 1702 184 1739 esse,
218 1703 337 1741 quare
360 1691 504 1730 Panem
534 1690 575 1728 in
598 1690 684 1739 ipsa
707 1701 797 1728 acro
826 1690 878 1729 oli
901 1690 942 1728 in
967 1689 1150 1740 spelunca
1173 1690 1339 1740 quadam
1363 1691 1507 1730 cultum
1530 1691 1633 1730 inve-

81 1741 244 1789 niamus,
274 1740 388 1780 Paus.
415 1743 449 1779 1.
475 1743 535 1779 28.
562 1743 597 1779 4.
625 1739 692 1789 qui
716 1752 743 1789 q
771 1739 780 1747 “
810 1752 871 1778 6111
903 1739 1029 1778 cultus
1052 1740 1167 1779 etiam
1197 1740 1237 1778 in
1268 1742 1379 1779 antro
1404 1753 1526 1792 prope
1549 1741 1632 1780 Ma—

75 1791 275 1830 rathonem
300 1790 373 1829 sito
396 1789 527 1839 viguit.
553 1789 664 1828 Paus.
697 1791 804 1828 1.132.
823 1793 857 1828 7.
908 1788 1104 1839 Simulque
1131 1790 1245 1829 etiam
1270 1801 1366 1840 quas
1389 1802 1505 1840 supra
1530 1803 1632 1830 com·

0 1852 2 1855 ’
75 1840 281 1880 memoravi
305 1839 551 1878 difficultates
575 1839 727 1878 omnino
751 1841 944 1887 corruunt,
968 1852 1086 1889 quum
1109 1840 1199 1878 idea
1221 1839 1290 1878 illa
1305 1839 1488 1889 sublimis,
1513 1853 1629 1891 quam

74 1888 1630 1979 aafffflfflffiwfflsssmmaamffiffimffiffiffl

74 1989 149 2029 hac
187 1953 376 2029 seiitentia
405 1952 509 2028 silne’
572 2001 595 2027 o
625 1951 943 2046 labore-omnino
978 1989 1181 2039 perspicua
1211 1989 1298 2046 sint.
1359 1989 1414 2028 Be
1431 1953 1630 2041 lispigittlir:

73 2051 173 2089 quae
198 2052 285 2078 cum
317 2039 445 2078 Persis
476 2041 584 2088 gesta
607 2040 717 2087 sunt,
750 2041 850 2077 Sicut
877 2037 1002 2076 forma.
1034 2039 1197 2077 civitatis
1227 2039 1350 2078 hbera
1381 2039 1535 2078 reddita
1558 2043 1628 2088 est,

72 2089 189 2128 etiam
212 2088 337 2142 cultus
368 2099 530 2137 magnae
552 2087 763 2126 incolarum
818 2088 911 2126 artis
940 2088 1094 2137 publice
1126 2091 1303 2137 receptus
1327 2090 1403 2136 est3
1437 2092 1555 2139 atque
1579 2102 1628 2128 ex

71 2139 146 2178 hoc
168 2140 342 2188 tempore
365 2136 524 2177 Athenis
555 2136 750 2187 publicam
782 2100 897 2176 83an
925 2138 1209 2176 venerationem
1237 2138 1458 2188 templaque
1481 2139 1522 2177 in
1546 2139 1628 2179 e'us

70 2188 253 2228 honorem
276 2186 430 2238 publice
454 2188 648 2226 exstructa
669 2186 890 2228 invenimus.
904 2188 933 2237 ¹)
963 2187 1171 2227 Pausanias
1183 2187 1301 2237 igitur
1323 2190 1440 2238 atque
1453 2189 1558 2228 Hero
1586 2202 1627 2228 o-

69 2241 133 2277 tus
162 2238 189 2277 1.
223 2250 256 2276 c.
289 2237 444 2286 minime
476 2238 610 2275 contra
640 2237 839 2276 veritatem
871 2240 1105 2287 repugnant,
1144 2237 1177 2276 si
1202 2249 1301 2288 quae
1332 2244 1376 2276 re
1407 2250 1499 2277 vera
1521 2239 1626 2278 facta

69 2289 168 2337 sunt,
192 2299 366 2338 quaeque
390 2288 479 2338 post
501 2285 605 2326 bella
630 2298 716 2325 cum
739 2286 866 2326 Persis
895 2291 1005 2336 gesta
1037 2287 1202 2337 primum
1227 2287 1269 2326 in
1293 2287 1417 2327 lucem
1442 2301 1626 2345 provene-

67 2340 177 2386 runt,
215 2338 256 2378 in
288 2349 418 2376 rerum
450 2337 610 2394 historia
643 2340 833 2376 enarrant.
895 2337 1020 2384 Quare
1046 2338 1110 2376 hic
1135 2337 1229 2394 deus
1251 2350 1376 2388 neque
1401 2338 1499 2378 alius
1523 2339 1626 2388 quis-

68 2400 184 2439 quam
208 2400 233 2426 a
255 2387 499 2426 nobilibusm
524 2386 706 2435 fabulam,
735 2399 850 2437 quam
873 2387 1078 2438 fingebant,
1102 2387 1345 2437 rec1piendus
1360 2391 1455 2437 erat,
1480 2389 1625 2439 siquae

68 2439 261 2488 cuperent,
286 2437 439 2487 plebem
463 2439 727 2476 exsecuturam
751 2448 832 2477 esse
857 2439 1065 2488 sperarent.
1086 2438 1116 2488 ²)

109 2597 131 2639 ¹)
152 2596 291 2629 Proclus
311 2597 356 2629 ad
375 2596 461 2629 Plat.
484 2595 605 2636 CratyL
625 2595 678 2631 73.
699 2604 732 2636 p.
754 2596 806 2630 39.
826 2593 931 2628 Boiss.

106 2663 130 2705 ²)
152 2662 373 2702 Sententiam,
394 2662 521 2695 Panem
537 2662 609 2703 jam
630 2662 709 2693 ante
729 2671 880 2702 pugnam
889 2660 1136 2693 Marathoniam
1146 2661 1183 2692 in
1197 2661 1314 2694 Attica
1323 2670 1363 2693 co
1414 2660 1498 2693 'tum
1512 2662 1623 2703 fuisse,

147 2703 250 2736 etiam
271 2703 492 2737 Schoemann.
504 2702 792 2736 Griech.Alterth.
812 2703 853 2735 Π.
876 2703 936 2750 149
956 2702 1091 2744 probat,
1112 2703 1141 2735 si
1161 2705 1246 2735 haee
1266 2703 1338 2734 fere
1355 2744 1362 2750 ι
1380 2701 1457 2734 ’6111
1482 2703 1623 2736 ›Diesen

146 2745 239 2786 (Pan)
259 2745 324 2777 wie
345 2754 380 2777 es
401 2745 534 2777 scheint
554 2743 793 2785 urspriinglieh
813 2743 1037 2776 arkadnschen
1057 2743 1212 2785 (fortasse
1231 2743 1469 2784 Pelasgischen
1480 2745 1508 2786 ?)
1538 2744 1623 2777 Gott

145 2785 243 2818 hatte
262 2787 299 2819 in
319 2785 437 2819 Attica
464 2795 526 2818 vor
553 2786 631 2818 dem
652 2789 765 2817 ersten
786 2785 1023 2826 Perserkriege
1043 2784 1321 2818 wahrscheinlich
1347 2795 1411 2816 nur
1432 2784 1492 2818 das
1512 2786 1623 2818 Land-

145 2826 227 2860 volk
246 2827 303 2862 hie
323 2827 394 2860 und
416 2826 460 2860 da
481 2826 664 2860 besonders
694 2826 732 2859 in
757 2826 818 2860 der
847 2826 942 2860 Nahe
970 2837 1038 2859 von
1059 2827 1239 2860 Marathon
1259 2826 1406 2860 verehrt.
1445 2826 1539 2861 Nach
1560 2828 1622 2861 der

145 2870 304 2904 Schlacht
314 2869 557 2905 beiMarathon
579 2869 694 2902 wurde
716 2879 753 2901 er
773 2869 860 2902 auch
881 2872 982 2902 unter
1003 2869 1058 2901 die
1079 2869 1308 2912 Staatsgotter
1329 2869 1618 2910 aufgenommen.«
