1731 2980
724 19 970 55 -35—

68 117 294 187 conjunctu?
318 116 524 165 pugnavit3
550 115 578 164 ¹)
604 115 653 153 de
677 126 754 164 qua
777 126 907 165 pugna
930 114 1171 165 praeclarum
1195 114 1292 154 illud
1317 115 1522 156 Simonidis
1544 116 1624 167 epi-

92 178 256 204 ramma:
1096 203 1099 206 .

67 179 91 215 g
280 168 376 254 )το“ν
399 216 628 265 τραγόπουν
651 215 722 264 ἐμὲ
746 215 884 261 Πᾶνα,
910 215 980 254 τὸν
1004 214 1164 267 Ἀρκάδα
1187 215 1259 255 τὸν
1282 214 1386 255 κατὰ
1410 215 1574 268 Μήδων,

306 265 376 303 τόν
400 264 484 313 μετ’
510 264 722 318 Ἀθηναίων
745 267 915 317 στήσατο
939 265 1168 317 Μιλτιάδης.

168 315 245 353 Sed
277 316 430 364 postero
465 326 619 363 quoque
651 315 728 362 tem
757 325 823 351 ore
846 314 929 353 Pan
953 314 1094 353 auxilio
1118 315 1349 364 Antigonum
1371 313 1625 353 Macedonum

69 377 198 414 regem
228 365 269 403 in
305 363 458 413 proelio·
487 367 621 402 contra
652 363 711 403 Ga
740 375 783 402 os
813 366 921 413 gesto
953 366 1177 415 prosecutus
1214 367 1287 413 est3
1307 365 1337 414 ³)
1373 376 1449 414 quo
1482 364 1626 403 iactum

69 427 152 452 esse
178 414 334 461 dicitur,
367 415 411 451 ut
434 425 545 462 reges
570 413 822 452 Macedonum
854 413 1033 463 deinceps
1059 414 1100 456 in
1124 414 1242 463 galeis
1268 426 1411 453 cornua
1462 415 1623 454 ererent.

68 464 183 551 Αὲιιᾱ
205 463 362 501 Latinos
386 464 513 501 autem
544 462 643 501 hanc
668 462 892 512 qualitatem
916 463 1043 503 Valer.
1075 462 1236 502 Flaccus
1268 464 1318 503 Π.
1353 466 1411 502 51.
1463 461 1625 502 andibus

69 526 91 551 e
121 515 195 551 ert:
214 515 228 535 ²·

231 515 246 562 )
309 562 393 601 Vox
421 573 550 600 omnes
574 573 689 611 super
712 573 790 599 una
813 562 926 601 tubas
939 592 948 610 ,
974 574 1051 611 qua
1076 574 1193 601 conus
1217 563 1257 600 et
1281 574 1401 612 enses,

310 611 395 657 Qua
418 611 581 661 trepidis
605 610 740 661 auriga
763 611 879 660 rotis,
905 618 1166 661 nocturnaque
1190 611 1309 650 muris

311 661 487 699 Claustra
511 661 673 699 cadunt:
699 660 874 711 talesque
898 663 1020 700 metus
1045 674 1122 701 non
1145 660 1287 700 Martia
1311 662 1429 700 cassis

310 711 637 760 Eumenidumque
662 722 811 759 comae,
835 723 913 749 non
936 711 1057 749 tristis
1080 711 1129 749 ab
1155 710 1318 749 Aethere
1344 711 1496 761 Gorgon

311 760 519 809 Spmserit,
546 762 613 798 aut
637 760 754 798 tantis
777 759 899 798 aciem
922 760 1131 809 raptaverit
1153 760 1308 798 umbris.
1333 762 1404 800 cet.

172 811 210 858 7)
236 809 356 848 Venio
385 809 466 859 jam
495 809 547 848 ad
579 809 765 859 quasdam
794 809 908 848 Panis
944 810 1146 859 qualitates
1178 809 1424 866 explicaan
1465 821 1563 859 quae
1588 811 1627 847 et

71 872 142 909 per
177 871 285 897 suam
308 861 485 897 naturam
509 860 701 908 graviores
734 861 792 907 et,
827 860 917 908 quia
948 859 999 897 ad
1031 861 1348 909 praestantiorem
1381 859 1445 898 dei
1467 861 1627 898 naturae

71 911 221 958 partem
244 909 453 958 pertinent,
478 909 680 947 validiores
702 921 784 948 esse
807 909 995 948 videntur.

171 958 270 996 Nam
294 971 411 1008 quum
434 970 504 1008 per
528 959 743 997 universum
767 958 924 1007 coelum,
949 959 988 997 in
1013 970 1088 1008 quo
1102 959 1183 998 Pan
1197 959 1306 1015 quasi
1317 958 1415 1008 ignis
1439 959 1626 1005 aeternus,

73 1008 376 1057 impenetrabilis
399 1008 579 1057 refulget,
616 1009 734 1047 mirus
768 1008 922 1057 quidam
955 1007 1050 1046 ordo
1084 1008 1371 1058 consp1ciendus
1406 1008 1473 1056 sit,
1511 1020 1628 1065 quum

76 1069 208 1096 omnes
233 1058 386 1096 omnino
412 1058 546 1096 stellae
571 1058 798 1108 praepositis
823 1058 895 1097 sibi
919 1058 990 1096 viis
1013 1058 1087 1096 iter
1110 1057 1264 1106 faciant,
1284 1058 1514 1114 planetaque
1526 1057 1627 1104 sslae,

77 1119 177 1156 quae
201 1108 241 1144 in
269 1108 375 1145 coelo
401 1107 679 1156 perambulant,
705 1108 831 1145 lumen
856 1119 881 1145 a
906 1107 984 1146 sole
1008 1108 1206 1157 recipiant,
1232 1120 1348 1157 quum
1371 1107 1545 1157 demque,
1570 1107 1628 1144 in-

73 1169 188 1206 quam
205 1187 214 1204 ,
248 1156 340 1194 luna
372 1169 457 1194 cum
490 1157 570 1195 sole
604 1157 730 1202 omnia
761 1159 915 1195 terrena
950 1157 1059 1206 quasi
1084 1159 1277 1196 intueatur
1302 1159 1418 1207 atque
1442 1159 1562 1207 regat,
1586 1156 1628 1194 id

73 1206 178 1256 quod
206 1206 461 1256 Pythagoraei
486 1206 724 1245 harmoniam
750 1206 847 1245 coeli
870 1219 1006 1245 vocare
1031 1210 1316 1255 consueverunt,
1342 1210 1444 1245 certe
1459 1219 1535 1245 non
1558 1207 1629 1244 mi-

72 1269 216 1305 ramur,
244 1257 277 1294 si
301 1257 340 1294 in
368 1256 481 1294 deum
505 1257 630 1306 ipsum
653 1259 756 1295 artes
780 1256 886 1305 illas,
914 1269 1011 1306 quae
1036 1269 1192 1295 numero
1217 1257 1422 1307 praecipue
1445 1257 1628 1304 nituntur,

70 1306 213 1344 relatas
237 1306 487 1354 inveniamus,
513 1307 696 1344 musicam
721 1306 874 1356 quidem
900 1310 938 1344 et
971 1306 1131 1354 saltum,
1167 1306 1215 1344 de
1241 1307 1379 1356 quibus
1414 1307 1629 1345 accuratius

73 1358 192 1406 atque
216 1356 336 1394 fusius
359 1356 476 1394 verba
499 1355 625 1394 facere
649 1357 689 1394 in
714 1356 838 1395 animo
864 1358 931 1395 est.

169 1405 266 1443 Nam
290 1418 367 1443 non
393 1406 514 1443 solum
536 1405 778 1443 vehementer
792 1408 907 1443 cantu
923 1408 1039 1454 atque
1054 1406 1198 1444 musica
1212 1405 1364 1454 gaudet,
1379 1405 1407 1454 5)
1433 1405 1501 1443 sed
1513 1405 1629 1443 etiam

119 1553 142 1594 1)
163 1552 274 1585 Schol.
294 1552 395 1593 Soph.
417 1553 469 1593 Aj.
489 1563 518 1584 v.
541 1554 612 1584 707.
633 1552 772 1585 Lucian.
795 1552 872 1584 dial.
893 1552 985 1585 deor.
1008 1552 1111 1584 XXII.
1134 1555 1162 1584 3.
1204 1551 1343 1584 Anthol.
1364 1552 1456 1584 Plan.
1478 1552 1532 1583 IV.
1555 1553 1627 1584 233.

159 1594 284 1626 Tauch.
326 1594 427 1634 Apud
447 1595 529 1626 Luc.
549 1594 572 1625 l.
593 1603 621 1628 e.
642 1594 714 1625 Pan
735 1594 777 1625 de
798 1603 833 1626 se
853 1595 926 1634 ipse
946 1593 1146 1635 praedicat.:
1170 1597 1218 1625 καὶ
1237 1596 1406 1633 Ἀθηναίοις
1427 1596 1627 1636 συμμαχήσας

159 1637 256 1671 οὕτως
273 1637 436 1676 ἠρίστευσα
457 1639 643 1674 Μαραθῶνι,
673 1636 749 1666 ὥστε
780 1639 829 1667 καὶ
861 1638 1013 1676 ἀριστεῖον
1048 1637 1144 1676 ᾑρέθη
1165 1649 1234 1674 μοι,
1262 1638 1298 1667 τὸ
1319 1637 1381 1667 ὑπὸ
1403 1639 1442 1676 τῇ
1462 1637 1498 1667 οἰκ
1519 1637 1627 1667 omnen

162 1680 320 1717 σπήλαιον.
361 1676 476 1709 Etiam
496 1676 532 1708 in
553 1687 668 1718 pugna
688 1676 868 1709 Salaminia
889 1677 1111 1709 Athenienses
1131 1677 1304 1717 adjuvasse
1324 1676 1442 1717 fertur,
1473 1687 1493 1710 c
1508 1700 1516 1708 .
1537 1676 1627 1709 Suid.

159 1730 185 1751 s.
207 1729 236 1751 v.
259 1721 476 1758 ἁλίπλαγκτος;
506 1720 607 1758 atque
628 1720 770 1759 propter
797 1718 883 1751 hanc
917 1719 986 1759 ejus
1008 1719 1203 1759 qualitatem
1226 1718 1398 1750 orac—ulum
1418 1718 1629 1759 Delphicum,

124 1779 140 1793 „-
159 1762 199 1792 ut
229 1763 308 1792 ante
339 1770 489 1801 pugnam
512 1760 743 1792 Plataeensem
770 1760 855 1792 Pani
882 1760 1124 1801 immolarent,
1156 1760 1416 1793 Atheniensibus
1445 1760 1628 1792 mandavit.

158 1802 246 1834 Plut.
268 1801 368 1834 Arist.
391 1802 446 1833 XJ.
468 1812 501 1842 p.
523 1803 592 1834 505.
614 1801 724 1834 Reisk.

119 1844 142 1885 ²)
163 1844 301 1875 Anthol.
321 1843 415 1875 Plan.
435 1844 491 1876 IV.
511 1846 582 1876 232.
604 1843 727 1876 Tauch.
749 1842 790 1875 cf.
812 1843 903 1875 Serv.
926 1844 969 1875 ad
990 1844 1089 1885 Verg.
1099 1843 1182 1875 Aen.
1194 1844 1278 1875 VIII.
1290 1845 1361 1875 343.
1382 1844 1538 1875 Zonaras.
1561 1843 1627 1875 lex.

160 1897 183 1917 s.
203 1896 232 1916 V.
253 1887 463 1924 α’λιπλοὶγητος.

119 1927 142 1965 ³)
162 1927 260 1958 Paus.
280 1926 319 1959 X.
339 1929 389 1958 23.
411 1928 441 1958 5.

117 1968 141 2008 ⁴)
165 1967 274 2041 &⁶3ss2
291 1967 357 1999 hoc
377 1968 492 2000 Flacci
512 1968 588 2000 loco
618 1970 690 2000 not.
717 1968 790 2000 Pet.
819 1969 1003 2000 Burmanni
1031 1969 1056 2000 1.
1090 1968 1179 2000 edid.
1207 1968 1334 2000 Harles.
1367 1968 1505 2000 Altenb.
1538 1969 1627 2000 1781.

159 2020 192 2049 p.
277 2033 284 2041 .
305 2019 353 2049 sq.

117 2066 140 2104 ⁵)
162 2065 343 2105 Hipponax
363 2064 453 2105 apud
474 2065 584 2098 Tzetz.
604 2065 681 2099 hist.
702 2075 771 2097 var.
794 2065 847 2097 VI.
868 2066 939 2097 874.
962 2065 1097 2097 Lucian.
1120 2065 1197 2096 dial.
1211 2065 1305 2097 deor.
1318 2065 1419 2096 XXII.
1430 2067 1460 2099 3.
1481 2065 1629 2106 Daphni-

158 2106 237 2137 dem
258 2106 393 2147 syringe
415 2116 534 2138 canere
556 2107 687 2146 docuit3
710 2107 808 2148 Verg.
831 2107 903 2138 Ecl.
926 2110 954 2139 1.
977 2110 1026 2138 32.
1048 2106 1104 2139 IV.
1125 2108 1177 2139 58.
1204 2106 1296 2147 Serv.
1318 2106 1362 2137 ad
1382 2107 1483 2147 Verg.
1505 2107 1576 2139 Ecl.
1589 2106 1627 2138 V.

158 2149 209 2179 20.
254 2147 444 2179 Secundum
466 2148 675 2188 epigramma
695 2148 867 2188 quoddam
887 2147 1075 2189 Antipatris
1101 2148 1138 2179 in
1165 2147 1348 2179 Pindarum
1371 2147 1505 2189 (Jacobs
1525 2148 1627 2180 Anth.

159 2189 200 2221 II.
222 2190 282 2230 19.)
301 2189 372 2221 Pan
393 2189 555 2229 hymnum
576 2189 714 2221 Pindari
734 2189 870 2222 cecinit:

314 2234 430 2272 μάρτυς
451 2233 468 2263 o‘
491 2234 658 2267 Μαινάλιος
679 2235 794 2273 κερόεις
814 2234 891 2268 θεὸς
910 2233 1009 2270 ὕμνον
1030 2233 1132 2267 οἷείσας

315 2276 369 2304 τὸν
391 2277 441 2304 σεό
464 2277 511 2304 καὶ
532 2278 648 2312 νομίων
669 2277 837 2313 λησᾰμενος
859 2276 1005 2305 δονάκων.

158 2314 313 2347 Pastores
342 2314 453 2346 fistula
480 2316 638 2346 canentes
669 2315 794 2346 Panem
820 2315 1009 2354 delectant,
1030 2314 1147 2347 Horat.
1168 2325 1272 2348 carm.
1293 2315 1349 2348 IV.
1374 2317 1422 2347 12.
1446 2317 1496 2349 11.
1527 2315 1627 2356 Prop.

159 2356 215 2388 111.
248 2357 277 2388 3.
310 2357 358 2387 30.
400 2356 472 2387 Pan
492 2356 582 2397 apud
603 2356 707 2389 schol.
727 2356 871 2390 Theocr.
892 2356 942 2391 Id.
963 2357 1047 2389 VIII.
1069 2357 1106 2389 in
1126 2358 1208 2399 Arg.
1230 2357 1359 2389 arbiter
1380 2359 1496 2390 cantus
1517 2357 1627 2398 Daph-

162 2397 250 2430 nidis
271 2399 306 2479 εἰῇ
327 2397 498 2429 Menalcae
518 2399 720 2430 nominatur.
745 2400 859 2438 (Πανός
880 2402 929 2430 καὶ
950 2403 1086 2441 Νυμφῶν
1107 2403 1272 2440 κρινάντων
1292 2405 1456 2439 νικηθῆναι
1467 2402 1627 2432 Maniam·

158 2441 278 2471 ἷίδοντα.

240 2480 280 2511 111
300 2480 445 2521 quodam
467 2490 554 2521 vase,
577 2481 669 2522 quod
688 2481 893 2515 Hamiltonis
914 2484 1073 2523 vocatur,
1094 2480 1300 2524 (Schwenck.
1321 2481 1428 2524 Myth.
1450 2481 1482 2514 d.
1494 2481 1626 2514 Griech.

158 2521 229 2554 tab.
250 2521 291 2554 X.
312 2523 353 2563 3.)
374 2522 499 2554 Panem
521 2522 710 2556 invenimus
731 2524 840 2557 altera
860 2534 962 2556 manu
983 2525 1152 2566 syringem
1174 2525 1282 2557 altera
1303 2533 1503 2564 campanam
1525 2524 1627 2573 gesti-

158 2565 283 2596 entem.
326 2563 528 2604 Campanam
554 2575 633 2597 vero
665 2566 701 2597 in
733 2566 827 2598 cultu
853 2566 993 2606 Dionysi
1012 2566 1172 2598 usitatam
1192 2567 1295 2598 fuisse
1315 2567 1462 2598 testatur
1481 2565 1628 2598 kael-

157 2615 270 2651 mann.
292 2605 526 2639 Sendschreib.
546 2607 632 2640 iiber
652 2607 786 2640 Hercul.
807 2607 1046 2651 Entdeckung.
1067 2618 1100 2650 p.
1121 2609 1182 2649 613
1216 2607 1397 2650 praecipue
1418 2607 1532 2640 autem
1553 2616 1627 2641 eam

157 2657 193 2678 111
215 2648 308 2680 0111111
327 2648 548 2690 Proserpinae
568 2651 767 2683 invenimus.
795 2650 952 2692 Apollod.
976 2651 1013 2683 in
1034 2651 1139 2683 schol.
1161 2650 1304 2685 Theocr.
1322 2650 1362 2682 Π.
1384 2650 1435 2682 36.
1461 2651 1496 2681 01
1515 2649 1626 2691 Apoll.

158 2689 280 2730 fragm.
303 2701 336 2731 p.
359 2692 428 2722 401.
451 2701 498 2730 sq.
530 2693 654 2733 Heyne.
697 2693 917 2734 Significabat
947 2695 1061 2725 autem
1088 2694 1250 2765 tymffina
1270 2693 1384 2724 ortum
1405 2692 1441 2722 et
1461 2701 1627 2730 occasum,

158 2740 216 2762 ver
237 2734 339 2772 atque
360 2733 578 2774 autumnum,
607 2733 845 2775 fortunamque
867 2744 952 2774 quae
974 2733 1142 2777 agricolas
1190 2733 1197 2740 ⁰
1240 2733 1321 2766 anni
1339 2733 1550 2774 temporibus
1572 2742 1628 2764 ex·

156 2774 341 2820 spectabat.
384 2774 566 2816 Praecipue
587 2778 699 2808 autem
728 2777 839 2819 Apoll.
866 2777 888 2809 1.
911 2787 938 2808 c.
967 2777 1233 2817 commemorat,
1264 2785 1364 2817 reges
1384 2774 1627 2816 Spartanorum

156 2817 268 2847 sonitu
290 2827 471 2857 campanae
495 2827 563 2850 esse
585 2818 740 2858 sepultos.
795 2819 904 2859 Quare
931 2820 959 2851 si
989 2819 1114 2851 Panem
1137 2827 1334 2859 campanam
1356 2817 1559 2858 gestientem
1578 2815 1627 2848 in-
