1731 2980
730 46 978 81 -14-.

173 142 279 182 Haec
304 154 393 181 vero
419 142 654 182 Cretensium
680 143 728 181 de
753 143 857 181 Pane
882 142 1014 181 fabula
1038 142 1161 191 primo
1187 143 1316 181 statim
1341 143 1492 192 obtutu,
1548 156 1638 183 uum

75 205 122 230 ex
147 193 262 231 variis
289 193 522 231 diversarum
547 193 745 231 nationum
768 192 910 242 mythis
934 191 1161 240 composita,
1196 193 1279 230 tum
1303 192 1430 231 studio
1454 204 1491 231 m
1560 193 1640 234 olo-

75 254 207 292 gorum
233 244 348 281 aucta
371 245 487 292 atque
511 244 713 292 tantopere
741 244 972 282 commutata
996 254 1078 280 esse
1101 240 1267 290 videtur,
1305 245 1350 281 ut
1384 255 1482 293 quae
1507 243 1641 284 fabula

74 293 393 380 quasiCprg'emaria
417 295 532 379 atqqe
556 293 867 381 {unqeannigntfillisd
875 292 1004 379 fuerit}
1029 291 1190 379 017ὲηίἓὲ
1192 290 1383 379 tdgsgngffi
1383 305 1477 380 iiim
1530 294 1634 333 osuit.

205 353 246 379 re
288 354 376 380 uses
431 353 498 379 rae
517 353 559 379 er
581 354 605 380 a
817 353 840 379 o
869 353 936 380 oro
1007 370 1015 379 .
1425 354 1448 380 o
1508 353 1573 381 eos
1596 355 1637 381 m

75 391 190 429 Creta
212 390 338 429 insula
360 354 472 430 naltos
497 403 580 430 esse
606 390 908 439 contendebant,
944 394 1060 440 atque
1092 389 1244 428 fabulas
1268 392 1313 428 ut
1336 391 1504 439 patriam
1528 404 1635 431 suam

74 441 307 479 honorarent
339 443 379 478 et
403 453 496 489 prae
522 441 607 479 aliis
640 442 755 480 terris
793 440 916 490 gloria
944 442 1128 489 augerent
1156 439 1281 478 varias
1312 442 1351 477 et
1384 440 1636 480 multiformes

72 490 771 588 fffffffissssssbssissfiomffiinffiimffiud
782 489 1637 588 ffi‘zfflussffizzqssffiffiffi

72 589 226 627 omnino
252 588 481 627 conveniunt
502 591 528 640 ¹)
553 591 670 639 atque
694 552 830 639 pbsllzea
853 589 893 628 in
917 590 1059 628 Panem
1082 589 1327 628 transmutati
1359 591 1466 637 sunt,
1503 589 1636 628 eodem

74 651 151 688 quo
180 638 379 677 Cretenses
398 639 503 689 jure,
530 639 702 689 singulae
727 640 912 679 Graeciae
937 639 1120 686 nationes,
1147 638 1290 676 Panem
1314 639 1420 689 apud
1444 651 1485 677 se
1510 641 1635 677 ortum

70 700 152 726 esse
165 718 174 735 ‚
201 688 431 726 contendere
455 691 646 737 poterant.
1343 714 1345 717 -
1610 720 1615 723 »

169 737 246 775 Sed
280 750 397 794 quum
428 738 468 775 in
502 737 576 776 hac
635 737 830 777 uaestione
870 737 919 776 de
943 737 1057 776 Panis
1081 736 1208 787 patria
1231 737 1328 775 nihil
1351 737 1458 776 aliud
1482 740 1632 788 agatur,

73 787 152 826 nisi
175 789 220 825 ut
245 786 384 836 qulbus
410 788 592 827 Graeciae
608 750 712 827 ⁴locis
737 788 1020 837 antiquissimus
1044 787 1107 825 dei
1133 786 1259 825 cultus
1273 787 1455 834 floruerit,
1482 787 1636 825 demon-

70 838 224 883 stretur,
251 849 368 885 quum
383 840 595 893 praeterea,
621 840 716 887 quot
728 837 899 887 legamus
924 836 1027 887 apud
1051 838 1200 874 veteres
1223 836 1430 886 scriptores
1451 836 1499 874 de
1512 836 1639 887 patria

68 885 187 924 Panis
209 886 429 925 testimonla
448 917 457 935 ,
490 888 619 925 omnia
643 887 741 936 fere,
778 886 936 937 singulis
961 886 1151 936 exceptis,
1178 887 1437 934 consentiant,
1463 889 1566 925 certe
1591 899 1639 925 ex

68 935 210 974 fabulis
235 948 297 984 ea,
334 949 412 986 qua
435 937 475 975 in
499 938 667 976 Arcadia
697 939 810 976 natus
835 949 918 976 esse
944 936 1204 983 contenditur,
1239 948 1354 985 quam
1379 936 1510 985 Steph.
1535 936 1579 975 B.
1605 950 1634 974 s.

68 998 101 1023 v.
128 986 261 1036 Δέῤῥα
286 986 494 1036 aliquando
520 991 654 1026 Πανία
679 989 853 1025 vocatam
879 998 961 1025 esse
988 987 1101 1033 dicit,
1139 988 1178 1023 et
1202 985 1444 1035 simplicitate
1469 988 1508 1024 et
1531 993 1637 1024 vetus

68 1037 171 1074 state
197 1035 366 1074 animum
390 1037 513 1085 magis
538 1036 589 1074 ad
613 1049 655 1075 se
680 1036 810 1075 allicit.
829 1037 859 1086 ²)

168 1084 336 1123 Arcadia
366 1097 456 1123 vero
493 1098 618 1125 mores
651 1087 901 1135 institutaque
938 1085 1184 1135 Pelasgorum
1220 1083 1431 1124 diutissime
1469 1086 1634 1124 servavit

74 1133 235 1191 (Heyne.
261 1135 341 1174 obs.
369 1135 421 1173 ad
433 1136 611 1193 Apollod.
637 1150 674 1186 p.
693 1139 778 1175 261.
795 1137 840 1186 s.)
867 1139 988 1193 atque·
1010 1148 1127 1192 quum
1151 1134 1281 1193 Attica
1304 1134 1518 1192 secund-um·
1535 1135 1636 1193 Thu-

68 1183 1030 1292 stigen2.5ffiff;⁰}s.22;s?me3sgnssf
1056 1186 1343 1291 siges?
1361 1187 1636 1291 samse}

69 1284 174 1332 apud
199 1285 366 1323 Graecos
391 1285 584 1334 exphcare
610 1289 727 1336 atque
751 1285 978 1323 test1mon1is
1002 1285 1168 1334 probare
1181 1284 1305 1332 vehm,
1332 1284 1475 1322 cultum
1491 1286 1631 1323 utnus-

69 1337 144 1383 que
175 1334 299 1383 gentis
330 1334 463 1384 paucis
493 1347 704 1386 proponam
734 1347 888 1374 necesse
923 1347 1004 1374 esse
1039 1334 1204 1383 videtur,
1246 1334 1472 1384 praesertim
1514 1347 1632 1384 quum

69 1383 174 1470 qlu⁰d
194 1383 257 1470 adt
273 1384 418 1423 cultum
441 1385 567 1434 ipsum
590 1385 898 1436 perspiciendum
923 1385 1130 1434 pertineat,
1156 1385 1231 1422 hac
1256 1384 1486 1422 tractatione
1510 1384 1631 1433 magis

69 1445 89 1469 c
106 1445 239 1471 aresca
258 1462 266 1470 .

168 1483 346 1521 Fortasse
377 1483 481 1533 quod
514 1484 565 1521 ad
600 1484 745 1523 cultum
776 1483 969 1523 Arcadum
999 1483 1147 1522 adtinet
1161 1513 1170 1531 ‚
1215 1482 1404 1522 sententia
1442 1482 1630 1533 quaedam

69 1532 193 1580 valet,
227 1545 325 1582 quae
357 1534 485 1583 magni
518 1535 698 1572 momenti
729 1535 770 1573 in
802 1534 986 1583 religione
1019 1533 1181 1572 aliarum
1206 1533 1376 1583 gentium
1401 1533 1630 1590 explicanda

71 1594 155 1620 esse
179 1582 340 1630 videtur,
355 1585 384 1632 ³)
411 1596 458 1621 ea
482 1584 647 1633 quidem,
676 1584 878 1623 discrimen
904 1583 1097 1633 quoddam
1121 1584 1223 1621 inter
1247 1582 1340 1622 deos
1363 1583 1487 1633 plebis
1511 1585 1627 1633 atque

71 1632 298 1681 optimatum
330 1633 466 1681 fuisse3
503 1633 606 1682 quod
638 1646 685 1671 ex
716 1633 940 1684 particulari
969 1636 1013 1671 ut
1045 1633 1101 1671 ita
1132 1633 1256 1671 dicam
1282 1633 1386 1671 cultu
1407 1633 1627 1672 Poseidonis

72 1685 190 1731 atque
216 1682 404 1720 Demetris
427 1682 666 1732 aliorumque
690 1685 886 1721 numinum
910 1683 1018 1732 sequi
1041 1683 1201 1721 videtur.
1263 1683 1361 1721 Nam
1390 1683 1430 1721 in
1461 1682 1627 1721 Arcadia

69 1731 194 1769 cultus
219 1732 483 1782 geographicis
506 1735 551 1770 ut
573 1733 629 1771 ita
653 1733 778 1772 dicam
801 1733 974 1771 terminis
999 1732 1257 1771 circumscribi
1285 1734 1429 1782 potest3
1455 1733 1511 1771 ita
1545 1732 1629 1782 qui-

71 1781 176 1828 dem,
212 1785 256 1819 ut
281 1795 397 1831 quum
421 1782 462 1820 in
486 1783 704 1831 regionibus
729 1782 1106 1832 septentrionalibus,
1140 1782 1180 1820 in
1218 1785 1347 1820 monte
1373 1781 1535 1832 Cyllene·
1554 1782 1633 1820 cul-

66 1834 128 1869 tus
153 1831 343 1870 Hermetis
366 1832 617 1881 praevaleret,
630 1834 660 1882 ι·)
686 1833 725 1870 in
751 1832 953 1879 montibus,
981 1831 1047 1881 qui
1071 1831 1122 1869 ad
1146 1831 1344 1870 meridiem
1369 1833 1560 1881 spectant,
1588 1831 1629 1869 in

70 1881 217 1930 Lycaeo
243 1881 404 1931 aliisque
430 1882 556 1920 cultus
582 1882 606 1920 J
608 1882 686 1920 ovis
709 1885 825 1932 atque
841 1882 956 1920 Panis
974 1882 1180 1932 praecipue
1196 1882 1445 1933 Lycaosurae,
1471 1882 1630 1932 Lyceae,

114 2031 134 2066 ¹)
156 2030 279 2070 Apollo
303 2035 449 2070 Καρνεῖος
483 2030 573 2071 apud
595 2031 702 2062 Dores
725 2031 907 2072 praecipue
928 2030 1011 2063 deus
1031 2032 1224 2072 pastorum,
1259 2029 1434 2071 (Welcker.
1457 2029 1512 2062 Gr.
1536 2029 1630 2061 Gott.

152 2082 187 2112 p.
208 2074 291 2111 469.)
315 2072 374 2112 qui
396 2078 431 2103 et
452 2076 574 2113 τράγιος
596 2072 722 2114 (Steph.
745 2073 782 2104 B.
803 2084 828 2106 s.
850 2083 882 2106 v.
904 2077 1039 2113 τραγαία)
1070 2075 1172 2114 atque
1205 2073 1241 2104 in
1271 2072 1369 2105 Italia
1397 2074 1432 2104 et
1452 2072 1489 2103 in
1509 2071 1629 2103 insulis

154 2117 260 2152 νόμως
282 2117 421 2146 vocatus
443 2124 512 2146 esse
535 2114 671 2146 videtur
685 2138 694 2154 ,
717 2114 798 2147 deus
819 2115 898 2146 solis
920 2120 990 2154 est,
1023 2115 1078 2145 cui
1098 2114 1200 2146 etiam
1221 2113 1337 2154 ignem
1357 2116 1559 2154 perpetuum
1579 2112 1630 2143 in-

153 2156 297 2186 cendere
319 2155 484 2187 solebant.
535 2156 663 2186 Gallim.
686 2155 719 2186 h.
741 2156 776 2187 in
797 2155 909 2197 Apoll.
938 2156 1072 2187 69—84.
1120 2156 1262 2187 Hermes
1291 2164 1370 2187 vero
1393 2154 1496 2186 etiam
1515 2155 1630 2194 pasto-

114 2237 118 2246 Χ
150 2207 225 2244 rum
243 2198 328 2270 {eus
352 2199 509 2228 naturam
531 2197 667 2238 igneam
689 2201 723 2229 et
743 2197 888 2229 solarem
915 2196 1175 2239 cognominibus
1196 2195 1329 2228 usitatis
1359 2195 1543 2230 clarissime
1572 2205 1627 2227 ex-

151 2248 253 2279 primi
272 2264 278 2270 .

112 2296 133 2335 ²}
156 2294 253 2334 Quod
274 2304 354 2325 vero
377 2294 509 2325 adtinet
533 2295 576 2325 ad
597 2295 697 2325 aliam
718 2294 877 2334 fabulam,
900 2304 966 2335 qua
985 2294 1057 2325 Pan
1079 2294 1263 2326 Ithacensis
1283 2295 1434 2334 vocatur,
1456 2293 1562 2335 (Lact.
1582 2293 1627 2325 ad

151 2337 235 2367 Stat.
258 2335 364 2367 Theb.
387 2336 427 2367 ΙΙ.
449 2337 520 2367 206.
562 2336 730 2377 Bottiger.
750 2335 851 2368 Ideen
872 2346 932 2367 zur
951 2335 1166 2376 Kunstmyth.
1187 2336 1228 2367 Π.
1250 2336 1334 2378 238.)
1359 2335 1448 2368 hanc
1469 2336 1627 2368 omitten-

151 2377 230 2409 dam
252 2379 350 2418 puto,
373 2377 532 2417 quoniam
554 2378 654 2409 sicuti
674 2377 789 2409 fabula
810 2388 886 2409 eum
909 2387 951 2409 ex
973 2377 1069 2409 Ulixe
1090 2379 1191 2418 atque
1212 2378 1382 2419 Penelope
1409 2379 1523 2409 ortum
1544 2386 1626 2416 esse,

149 2423 287 2459 postero
310 2421 403 2450 certe
424 2421 578 2458 tempore
600 2429 620 2450 a
641 2420 863 2460 grammatico
886 2418 1032 2459 quodam
1062 2418 1216 2459 inventa,
1249 2422 1369 2450 ornata
1389 2421 1491 2459 atque
1519 2417 1626 2450 divul-

150 2463 231 2501 gata
260 2462 320 2493 est.
377 2458 619 2500 Mythographi
653 2462 767 2491 autem
797 2470 913 2491 omnes
935 2460 1064 2491 cultum
1083 2459 1183 2492 Panis
1209 2460 1254 2492 ad
1273 2460 1425 2493 Arcades
1444 2458 1625 2501 praecipue

148 2501 322 2542 pertinere
343 2501 574 2540 consentiunt,
596 2504 698 2542 atque
725 2501 905 2543 singularis
925 2501 984 2532 illa
1007 2501 1215 2534 Cretensium
1236 2501 1404 2534 sententia
1425 2501 1625 2543 jamdudum

148 2544 307 2585 neglecta
328 2545 429 2583 atque
450 2542 597 2575 refutata
618 2545 678 2576 est.
720 2543 787 2576 Sed
809 2544 873 2576 etsi
891 2543 928 2575 in
948 2543 1093 2576 Arcadia
1104 2544 1231 2576 cultum
1243 2542 1342 2577 Panis
1354 2542 1626 2584 antiquissimum·

150 2585 250 2618 fuisse
272 2594 391 2617 omnes
414 2585 640 2625 consentiunt,
662 2589 777 2617 tamen
796 2585 937 2617 minime
959 2586 1121 2626 consequi
1140 2586 1287 2625 videtur,
1307 2585 1345 2617 in
1365 2585 1448 2617 alias
1462 2583 1624 2616 Graeciae

148 2629 256 2658 terras
277 2630 415 2667 postero
437 2629 473 2657 et
493 2628 532 2657 ut
553 2627 648 2667 ajunt
667 2626 830 2659 historico
851 2629 1007 2667 tempore
1029 2636 1106 2659 eum
1122 2636 1163 2659 ex
1183 2626 1330 2659 Arcadia
1349 2626 1572 2667 immigrasse.

109 2684 132 2724 ³)
153 2683 446 2748 Apud-Messenios
460 2683 496 2714 in
509 2693 633 2724 genere
653 2683 800 2748 qupdam
821 2683 950 2716 cultum
970 2689 1055 2717 θεῶν
1074 2686 1214 2724 μεγάλων
1234 2683 1336 2717 fuisse
1353 2683 1386 2715 le
1413 2683 1506 2716 'mua
1527 2682 1623 2714 Paus-

149 2725 1286 2830 Βῑὸῃῗξέηὲἓ,Ἂῖῗέηξᾎὲέξ*’0011ιέῑῑ,6ὶέὲθεῒξῖἓῌῖἶξὲῗέιὲῗ“ιιέἓέ3.
1296 2735 1383 2830 ᾒοὲ.
1393 2735 1447 2798 οἷ’
1457 2725 1623 2799 ν”ἒέἶέιὲἓίῖ

109 2851 132 2882 ⁴,
451 2808 953 2849 ¹³
977 2808 1290 2849 ¹¹
1502 2818 1526 2839 ⁵·
