1731 2980
748 23 1042 58 -46--’

113 116 243 155 robari
276 117 424 167 nequit,
462 117 624 157 fortasse
660 119 788 156 autem
821 119 1008 179 conjicere
1033 119 1123 158 licet
1142 150 1151 168 ‚
1179 131 1224 158 eo
1253 122 1425 170 tempore
1456 133 1540 161 eam
1564 123 1646 162 em

103 168 240 214 actam,
268 179 344 216 quo
371 167 495 205 cultus
519 167 677 217 Dionysi
701 168 741 205 in
767 169 928 208 Graecia
952 169 1086 220 pervul
1113 171 1253 207 aretur.
1278 171 1305 219 ¹)
1344 169 1533 210 Pindarus
1555 183 1645 211 vero

85 216 297 254 secundum
326 216 448 256 Gloss.
482 216 588 256 MSS.
622 218 662 255 in
692 217 804 268 Verg.
839 218 975 269 Georg.
1011 222 1043 257 1.
1079 182 1221 258 lganem
1252 218 1374 257 filium
1397 219 1584 270 Apollinis
1607 224 1647 261 et

86 265 303 315 Penelopae
327 267 443 305 fuisse
469 267 675 305 contendit.

184 315 292 353 Haec
316 328 404 353 vero
442 316 730 365 Heraclemqoe,
757 317 823 366 qui
849 318 964 356 etiam
987 321 1165 356 naturam
1189 317 1280 355 solis
1303 320 1566 365 repraesentat
1588 321 1646 358 at-

113 376 162 402 ue
188 376 276 403 cum
300 365 405 403 Pane
432 366 623 414 convenit,
650 366 724 404 hoc
750 366 836 405 loco
863 368 1017 416 omitto,
1045 379 1162 417 quum
1188 366 1236 405 de
1261 365 1425 405 Heracle
1448 370 1583 416 postea
1603 369 1645 411 in

87 463 95 470 .
167 414 341 453 hicorum
374 415 421 453 de
454 415 558 453 Pane
592 416 768 454 doctrina
797 415 917 456 fusius
952 418 1154 455 dicendum
1185 428 1267 455 esse
1290 415 1483 464 videatur,
1509 429 1645 475 meque

78 475 170 521 Jam.
195 465 246 501 ad
279 464 487 514 Dionysum
519 468 716 513 converto,
754 478 840 503 cum
874 479 950 516 quo
981 467 1113 504 intime
1146 467 1289 504 Panem
1322 465 1565 514 conjunctum
1588 480 1645 505 in-

84 525 266 552 vemmus.

186 564 224 613 4)
252 562 362 609 Quod
386 563 438 602 ad
463 564 671 614 Dionysum
694 564 871 613 pertinet,
901 565 974 603 'am
998 565 1038 603 in
1062 565 1202 615 hymno
1225 563 1428 603 Homerico
1452 562 1492 600 in
1504 562 1646 603 Panem

84 624 117 650 v.
145 615 205 651 46.
231 612 412 663 legimus,
440 613 582 652 Panem
606 626 700 663 prae
726 615 862 652 ceteris
888 577 961 654 fiiis
995 615 1031 653 ei
1061 615 1242 665 gaudium
1279 612 1646 663 oblectationemque
1702 648 1705 650 .

85 661 279 702 obtulisse.
333 663 455 711 Quam
478 664 611 702 intime
636 667 765 703 autem
792 677 878 703 cum
903 665 1068 716 Dionyso
1095 664 1320 715 conjunctus
1344 662 1398 703 sit'
1408 662 1500 710 Pan,
1528 675 1574 701 ex
1600 676 1645 703 eo

110 713 289 762 raecipue
314 713 475 763 intelligi
499 726 610 763 posse
637 726 783 762 censeo,
810 714 914 765 quod
938 715 1020 753 Pan
1043 714 1144 753 filius
1170 714 1348 753 Oeneidis
1372 712 1581 763 Nymphae,
1616 715 1645 764 2)

112 773 133 799 e
160 774 237 812 qua
261 775 378 813 supra
410 763 640 802 mentionem
674 763 768 812 feci,
800 768 916 814 atque
953 764 1072 804 Sileni
1094 767 1207 821 pater
1231 766 1397 802 vocetur.
1412 764 1441 813 ³)
1491 762 1549 800 De
1572 762 1645 802 hoc

83 813 230 860 autem,
266 825 498 863 quamquam
523 813 628 863 apud
652 814 801 864 antiqui
826 815 1008 864 temporis
1031 817 1236 864 scriptores
1262 813 1537 852 diversissimae
1562 822 1646 851 sen*-

83 861 227 899 tentiae
252 862 524 913 opinionesque
557 863 704 912 valent,
745 877 861 913 quum
895 865 961 902 alii
995 876 1080 901 eum
1113 864 1271 914 Dionysi
1303 863 1546 901 educatorem
1580 862 1646 900 alii

83 913 233 959 patrem
257 912 472 962 nominent,
486 914 517 963 ⁴)
551 915 724 952 constare
748 914 916 962 videtur,
951 925 1031 952 esse
1057 926 1141 952 eum
1166 914 1242 952 vim
1275 924 1398 963 aquae
1430 911 1592 950 fluentis.
1615 912 1644 962 ⁵)

84 960 212 1007 Quare
239 975 356 1012 quum
382 975 502 1013 equus
518 964 723 1013 praecipue
737 976 877 1021 aquam
888 977 929 1002 re
957 966 1159 1011 raesentet‚
1187 963 1355 1003 Silenum
1371 960 1494 1001 cauda
1507 961 1647 1011 equina

82 1011 215 1049 fictum
239 1012 459 1051 invenimus.
491 1013 564 1051 Hic
589 1013 741 1063 mythus
766 1014 893 1063 igitur,
951 1025 1061 1051 anem
1084 1025 1166 1052 esse
1180 1016 1330 1063 patrem
1342 1012 1469 1060 Sileni,
1490 1023 1645 1061 magno-

83 1072 177 1111 pere
204 1073 289 1099 cum
315 1062 384 1100 illo
411 1063 606 1110 convenit,
633 1075 709 1112 quo
733 1063 815 1101 Pan
841 1075 926 1101 cum
951 1062 1134 1114 Nymphis
1159 1064 1369 1111 arctissime
1394 1061 1531 1111 conjun
1560 1062 1645 1110 'tur,

82 1110 236 1168 vimque
259 1111 365 1150 illam
391 1112 564 1160 solarem,
592 1125 689 1162 quae
709 1125 793 1151 cum
805 1113 963 1152 humore
988 1113 1114 1151 omnia
1130 1113 1261 1163 gignit,
1288 1111 1486 1162 significat.
1520 1073 1646 1157 (gnum

83 1172 238 1199 mmme
263 1161 400 1200 mirum
424 1174 506 1200 esse
542 1165 655 1211 puto,
697 1163 730 1200 si
763 1162 802 1200 in
838 1162 964 1215 Sileno
979 1193 989 1211 ,
1031 1175 1125 1213 quas
1148 1163 1188 1201 in
1214 1163 1317 1201 Pane
1341 1161 1501 1211 legimus
1525 1160 1646 1210 quali-

82 1212 183 1250 tates
207 1211 365 1260 similes,
401 1213 445 1249 ut
470 1214 646 1260 cantum,
681 1212 899 1250 vaticinium
933 1213 1047 1252 fuisse
1074 1212 1232 1263 legimus
1260 1215 1376 1264 atque
1400 1213 1535 1262 σύριγξ
1568 1224 1640 1249 πο-

85 1260 311 1310 λυκάλαμος
337 1262 387 1299 ab
413 1273 458 1299 eo
483 1262 635 1299 inventa
661 1274 743 1300 esse
769 1261 918 1299 dicitur.
941 1263 971 1313 ⁰)
1316 1299 1319 1302 ,

184 1310 327 1349 Panem
360 1313 489 1349 autem
522 1323 608 1349 cum
641 1311 806 1362 Dionyso
842 1324 980 1361 magna
1017 1312 1156 1351 itinera
1188 1311 1322 1350 fecisse
1339 1312 1367 1361 ⁷)
1405 1309 1502 1348 adeo
1529 1320 1578 1347 ue
1602 1309 1642 1347 iii

84 1360 234 1398 Indiam
260 1373 346 1398 eum
370 1361 591 1399 comitatum
615 1361 742 1409 fuisse,
767 1361 939 1411 legimus.
992 1361 1091 1408 Quid
1116 1362 1252 1400 mirum
1277 1361 1406 1411 igitur,
1432 1372 1507 1410 quo
1560 1371 1642 1398 sae·

85 1409 173 1459 pius
197 1421 284 1448 euni
309 1422 394 1448 cum
420 1411 588 1461 Dionyso
613 1413 884 1449 commutatum
908 1412 1143 1450 invenimus?

185 1459 373 1516 Dionysus
406 1472 495 1499 vero
527 1473 603 1499 non
635 1460 757 1499 solum
782 1460 876 1500 deus
900 1461 1035 1500 solaris
1058 1461 1174 1500 fuisse
1197 1461 1364 1508 videtur,
1391 1459 1422 1510 ⁸)
1457 1460 1526 1499 sed
1558 1471 1642 1498 cum

84 1508 189 1558 Maja
214 1512 457 1559 conjunctus,
498 1510 592 1549 deus
623 1511 843 1549 animalium
868 1513 984 1560 atque
1008 1511 1228 1560 plantarum
1253 1511 1489 1558 nominatur,
1527 1511 1642 1559 atque

130 1657 153 1699 ¹)
174 1657 231 1689 Ma
280 1657 293 1689 i
313 1657 480 1690 momenti
500 1658 536 1690 in
558 1657 623 1690 hac
645 1657 841 1699 quaestione
856 1658 1018 1690 solvenda
1034 1658 1183 1690 fabulam
1205 1658 1248 1690 de
1267 1658 1409 1699 Marsya,
1430 1667 1531 1698 quam
1552 1656 1642 1698 apud

165 1699 239 1740 Apo
256 1699 322 1732 lod.
339 1702 406 1732 1.4.
419 1701 450 1731 2.
465 1699 498 1731 le
525 1700 619 1740 'mus,
643 1709 712 1732 esse
723 1702 818 1740 puto,
839 1700 1020 1741 praecipue
1040 1700 1069 1732 si
1089 1710 1166 1732 cum
1187 1700 1254 1732 hoc
1275 1700 1361 1740 loco,
1384 1708 1470 1740 quae
1484 1699 1644 1740 Apulejus

165 1741 266 1774 floril.
291 1744 318 1774 1.
339 1752 373 1783 p.
395 1743 466 1774 341.
525 1751 543 1773 e
569 1742 702 1782 Marsya
730 1741 824 1782 dicit,
854 1752 1103 1783 comparemus,
1124 1752 1194 1774 eum
1217 1742 1407 1783 (Marsyam)
1427 1740 1529 1773 fuisse
1549 1741 1644 1773 vultu

165 1783 275 1815 ferino
295 1786 437 1824 trucem,
459 1782 639 1824 hispidum,
661 1783 913 1815 illectibarbum
925 1808 934 1824 ,
955 1783 1059 1825 spinis
1081 1785 1116 1815 et
1136 1784 1213 1825 pilis
1224 1783 1383 1824 obsitum;
1405 1793 1491 1824 quae
1507 1783 1643 1823 quidem

165 1835 373 1867 magnopere
405 1835 482 1858 cum
514 1825 636 1857 fabulis
666 1825 708 1857 de
729 1825 820 1856 Pane
841 1825 986 1858 narratis
1008 1826 1187 1858 convenire
1208 1825 1376 1858 videntur.
1419 1824 1527 1865 Quare
1549 1824 1642 1857 Ovid.

164 1866 302 1899 Metam.
324 1867 379 1899 XI.
404 1869 471 1899 146.
514 1867 634 1898 Panem
663 1876 726 1907 pro
759 1866 891 1906 Marsya
925 1876 996 1898 cum
1026 1867 1185 1908 Apolline
1217 1869 1362 1899 certasse
1391 1868 1642 1906 commemorat,

165 1909 268 1949 atque
290 1911 399 1949 σύριγξ
418 1912 588 1949 κηρόδετος
610 1918 629 1939 a
650 1908 782 1948 Marsya
802 1907 941 1940 inventa
962 1908 1096 1940 dicitur.
1118 1908 1241 1941 Athen.
1263 1908 1317 1940 IV.
1340 1918 1413 1950 cap.
1434 1907 1496 1939 ult.

123 1964 147 2005 ²)
169 1964 282 1998 Schol.
302 1965 444 1997 Theocr.
467 1968 495 1997 1.
518 1966 547 1998 3.
590 1965 703 1998 Etiam
734 1964 863 2005 templa
897 1964 1076 1997 amborum
1097 1965 1240 1997 deorum
1260 1965 1355 1997 unita
1375 1963 1642 1997 inveniebantur.

165 2006 574 2096 Paushffissighiclem
596 2048 649 2089 AJ.
671 2049 741 2081 699.
773 2048 888 2079 autem
915 2048 1036 2081 chorus
1067 2050 1192 2081 Panem
1224 2051 1345 2090 rogat,
1376 2050 1417 2080 ut
1447 2046 1642 2080 saltationes

169 2089 358 2130 chorosque
380 2090 596 2131 Dionysiacos
618 2090 730 2121 ducat.

123 2130 147 2171 ³)
171 2131 262 2164 Serv.
284 2132 329 2181 ad
349 2131 449 2179 Verg.
475 2131 594 2179 Eclog.
616 2132 669 2164 VI.
707 2130 898 2179 cf..The·od.
920 2131 1038 2172 Terap.
1060 2132 1130 2164 VII.
1152 2132 1224 2163 885.
1257 2132 1294 2163 T.
1315 2130 1385 2164 VII.
1417 2130 1555 2170 Schulz;
1584 2128 1641 2170 qui

123 2213 147 2253 ι)
163 2173 295 2246 iffi
311 2175 432 2247 Q?
445 2173 921 2262 Σῖιὲῃῗ“ιῗῗ’ῗ6.οὲἓίἲέἷξη
942 2214 1019 2246 hist.
1038 2215 1095 2248 111.
1117 2216 1167 2261 le.
1341 2256 1348 2262 ,
1410 2255 1417 2262 ‚

124 2254 150 2295 ⁵)
170 2255 337 2288 Welcker.
359 2256 532 2297 Nachtrag
553 2267 581 2287 z.
603 2256 683 2288 Tril.
705 2266 739 2296 p.
760 2257 832 2287 214.
875 2255 1027 2288 Gessner.
1050 2256 1094 2288 de
1113 2255 1227 2288 Sileno
1252 2257 1287 2287 et
1316 2255 1436 2288 Silonis
1462 2253 1642 2287 comment.

165 2295 341 2371 Goettinff.
363 2297 467 2338 antiq.
490 2298 527 2330 T.
549 2297 605 2330 IV.
628 2299 718 2329 1782.
738 2307 772 2338 p.
795 2298 846 2329 35.

122 2336 147 2377 θ)
169 2339 291 2371 Athen.
329 2339 367 2372 V.
389 2349 462 2380 cap.
484 2340 545 2372 ult.

124 2377 147 2418 ⁷)
168 2380 268 2411 Diod.
296 2380 398 2412 Sicul.
428 2383 456 2412 1.
483 2382 531 2412 18.
572 2381 708 2412 Lucian.
737 2380 816 2412 dial.
843 2380 936 2412 deor.
963 2380 1064 2412 XXII.
1085 2383 1116 2414 3.
1148 2381 1258 2414 Nonn.
1279 2381 1415 2421 Dionys.
1435 2379 1568 2411 XXXII.
1589 2379 1638 2408 27.

165 2420 322 2462 Polyaen.
344 2421 421 2454 hist.
443 2422 508 2454 bel.
533 2423 560 2454 1.
580 2424 610 2454 2.

123 2477 147 2518 ⁸)
168 2477 373 2510 Nominatur
392 2478 529 2519 Dionys.
550 2481 707 2519 λαμπτήρ;
729 2477 850 2510 Euseb.
872 2477 992 2519 Praep.
1014 2487 1131 2519 evang.
1148 2478 1190 2511 11.
1214 2481 1242 2510 1.
1263 2477 1402 2510 Anthol.
1422 2475 1564 2510 Planud.
1585 2472 1638 2506 IV.

166 2520 237 2552 156.
258 2519 384 2553 Tauoh.
405 2520 495 2551 Serv.
517 2520 560 2551 ad
581 2521 681 2560 Verg.
702 2520 785 2551 Aen.
796 2519 881 2551 VIII.
903 2521 983 2559 3433
1006 2523 1191 2561 φαυστήρως,
1213 2522 1387 2560 πυρπόλος;
1407 2516 1640 2565 Lycoph.21?.

164 2563 282 2608 φῇέγων
303 2562 441 2602 α’γλαᾰῖπι
462 2564 576 2603 πεύκᾳ;
598 2560 699 2601 Soph.
720 2560 846 2601 Oedyp.
868 2560 945 2601 Tyr.
967 2562 1039 2593 214.
1081 2561 1201 2593 Cursus
1222 2562 1336 2593 autem
1358 2570 1435 2593 cum
1455 2558 1584 2605 facilius
1603 2564 1639 2601 11}

165 2611 236 2648 ejus
258 2602 425 2635 honorem
445 2601 559 2634 fiebat.
581 2602 678 2635 Paus.
699 2602 769 2635 V11.
793 2604 845 2635 27.
867 2603 896 2634 2.
938 2602 1020 2634 Cum
1042 2602 1094 2635 his
1114 2612 1207 2644 vero,
1229 2612 1315 2643 quae
1336 2611 1437 2643 supra
1447 2600 1491 2632 de
1502 2599 1639 2645 Dionysl

163 2653 201 2690 in
222 2643 337 2677 Attica
358 2644 453 2677 cultu
482 2645 765 2685 commemoravi,
799 2644 841 2685 (ξ.
862 2645 902 2684 5.)
936 2644 1173 2687 conjungenda
1200 2646 1296 2684 sunt,
1329 2653 1432 2684 quum
1462 2651 1564 2682 quam
1591 2648 1639 2670 m·

163 2686 248 2715 time
269 2685 336 2718 duo
358 2686 499 2718 numina
520 2685 741 2726 cohaereant,
771 2686 893 2718 clarius
922 2685 1025 2718 etiam
1056 2686 1230 2727 magisque
1250 2685 1465 2726 perspicuum
1485 2679 1637 2726 reddant·

164 2725 303 2776 Minime
323 2727 459 2776 mirum·
470 2727 559 2760 enim
580 2728 716 2761 videtur
738 2737 818 2768 esse,
839 2727 868 2775 si
890 2737 974 2775 quae
996 2727 1066 2760 dixi
1086 2737 1131 2769 pe
1174 2726 1352 2775 endi-amus,-
1367 2724 1457 2774 apud
1476 2725 1637 2770 temporis

164 2768 379 2843 Piqsffpclznst
396 2771 578 2844 sarm-tores
588 2770 732 2844 ΒιέιιΠαω
766 2779 904 2802 omnino
933 2771 1025 2803 inter
1055 2769 1117 2803 hos
1163 2779 1220 2803 eos
1241 2777 1386 2802 inveniri
1407 2765 1637 2800 differentiam-

165 2820 206 2843 c.
258 2821 300 2844 uc
326 2821 389 2848 er.
439 2822 512 2853 roJa
532 2822 564 2853 p.
632 2836 639 2843 .
