1731 2980
722 94 772 100 .-.
825 76 871 110 27
924 94 974 100 .-

63 182 149 209 rum
166 168 330 208 obtinet.
383 169 508 217 Quare
533 171 634 219 Pan,
661 173 705 210 ut
727 171 786 211 ita
808 171 952 219 dicam,
979 171 1074 210 deus
1097 171 1185 210 Sirii
1212 183 1292 210 esse
1317 172 1485 220 videtur,
1512 184 1618 221 mag-

63 231 151 256 num
182 231 228 258 ue
253 220 448 258 stellarum
471 221 510 259 in
537 221 643 259 coelo
670 221 827 260 chorum
858 221 974 259 ducit.
1037 221 1183 270 (Creuz.
1216 221 1339 269 Symb.
1373 222 1441 262 ΙΙΙ.
1476 224 1559 262 240.
1585 221 1616 260 Ι.

63 271 167 306 389.-·
193 267 222 307 Ι.
250 271 334 307 327.
352 268 426 315 IV.
453 273 512 308 81.
540 270 685 309 Welck.
710 271 776 311 Gr.
803 270 916 310 Gttrl.
942 283 980 319 p.
1007 273 1090 309 342.

160 318 227 357 Sin
256 321 391 357 autem·
415 319 559 358 Panem
588 319 709 358 filium
740 319 941 370 Thymbris
964 320 1043 358 sive
1109 319 1214 370 ybris
1238 319 1358 369 (quod
1389 320 1617 360 vocabulum

60 368 409 417 certecorruptum
431 371 490 407 est
514 380 563 406 ex
585 368 800 418 Thymbris)
824 369 1004 418 legimus,
1038 368 1134 407 haec
1164 369 1297 407 fabula
1321 368 1373 406 ad
1402 371 1616 418 Apollinem

60 417 231 465 spectat,
254 417 334 467 qui
391 429 482 457 uum
513 429 669 456 munere
705 418 803 457 vatis
840 419 1022 468 fungatur
1053 417 1289 469 Thymbreus
1328 418 1552 467 appellatur.
1585 421 1613 471 ¹)

61 465 187 512 Quare
210 465 308 506 haec
330 467 372 506 fa
397 467 466 505 ula.
487 467 639 507 omnino
665 480 751 506 oum
782 467 898 507 Panis
928 470 1068 507 natura
1093 468 1282 508 consentit
1305 479 1429 517 neque
1453 469 1531 508 ulla.
1554 471 1613 510 in-

57 516 333 564 terpretatione
356 518 453 565 eget.

150 564 343 615 Majorem
368 577 458 604 vero
490 565 755 605 difficultatem
789 566 922 607 fabula
954 567 1023 606 illa
1053 566 1164 605 nobis
1198 564 1378 616 praebet,
1410 567 1613 607 secundum
1678 568 1681 571 '

58 626 174 663 quam
195 617 307 663 pater
330 615 445 654 Panis
469 616 631 665 Jupiter,
655 619 779 654 mater
803 630 893 656 vero
919 617 1057 661 Oenei's
1081 617 1309 654 nominatur.
1334 616 1363 663 1)

150 663 296 702 Oene'is
319 664 388 703 illa
411 676 459 702 ex
484 667 608 715 etymo
633 665 684 704 ab
710 661 834 714 οἶνος,
859 666 1007 714 vinum,
1033 667 1150 722 atque
1176 664 1259 717 οἴνη
1284 664 1362 703 sive
1387 662 1488 716 οἰνή,
1538 666 1615 703 uod

57 712 283 752 vocabulum
308 713 359 754 ad
385 711 487 761 οἶνος
512 716 590 754 sive
618 711 697 762 οἶος
722 716 899 765 pertinet,
926 715 1090 755 dex-ivan
1105 717 1233 765 potest
1251 716 1280 764 6)
1307 716 1347 753 et
1361 716 1492 752 utrum
1512 714 1520 721 ⁰

45 775 108 801 ‚an
130 762 568 815 hancsignificatzionem
591 766 769 803 vocabuli
792 766 1021 815 recipiamus
1045 766 1085 803 in
1110 765 1289 813 ambiguo
1314 767 1383 803 est.

125 831 127 834 ⁴
155 812 196 851 Si
220 812 270 852 ab
297 816 400 860 οἶνος
433 814 590 865 (vinum)
615 814 843 854 vocabulum
867 817 994 854 ortum
1018 827 1101 854 esse
1125 814 1367 865 accipiamus,
1393 813 1445 852 ad
1474 811 1618 851 cultum

55 862 230 917 Dionysi,
251 866 338 902 cum
361 876 437 913 quo
461 864 603 904 Panem
626 865 778 914 saepius
803 865 1048 915 conjunctum
1068 864 1250 913 videmus,
1274 863 1407 902 fabula
1426 863 1617 912 respicere

54 914 171 961 atque
195 912 367 950 iudicare
391 913 551 962 videtur,
577 914 729 952 stellam
743 915 859 954 Panis
883 915 960 952 sive
987 915 1128 953 Sirium
1151 914 1234 952 uvis
1257 913 1462 962 praecipue
1489 912 1618 949 favere

54 960 107 998 ad
130 972 271 1011 easque
294 962 539 1001 maturandas
563 963 767 1012 plurimum
792 963 976 1002 conferre,
1003 962 1080 1003 Sed
1104 963 1197 1010 Pan,
1223 962 1403 1012 quoniam
1427 961 1522 999 deus
1550 973 1614 999 caf-

80 1010 186 1049 rinus
209 1013 303 1060 erat,
327 1011 442 1050 etiam
466 1012 606 1052 vitibus
629 1014 864 1062 perniciosus
890 1026 971 1052 esse
996 1015 1162 1063 poterat,
1189 1024 1318 1062 quare,
1344 1014 1388 1050 ut
1408 1011 1616 1051 Pausanias

52 1108 78 1147 b
93 1090 102 1097 .
131 1063 188 1098 13.
203 1065 252 1099 ,4.
277 1062 418 1148 ιὲεὲειτ,
443 1062 602 1100 Phliasii
637 1075 795 1112 caprum
830 1063 1009 1102 colebant
1040 1065 1079 1101 et
1112 1062 1412 1109 venerabantur,
1446 1073 1496 1099 ne
1529 1061 1615 1098 viti-

80 1121 125 1148 us
148 1122 288 1149 nocere
307 1141 316 1148 .

144 1159 336 1199 Difficilis
361 1172 451 1200 vero
478 1160 631 1200 fabulae
658 1162 827 1200 definitio
851 1164 968 1212 atque
993 1162 1179 1211 expositio
1205 1173 1287 1199 esse
1307 1160 1458 1199 videtur
1483 1160 1613 1207 simul-

53 1221 128 1259 que
153 1210 205 1248 ad
231 1209 446 1249 doctrinam
470 1211 663 1261 quandam
687 1212 887 1251 obscuram
913 1215 1097 1261 spectare,
1124 1212 1156 1250 si
1181 1210 1408 1250 vocabulum
1433 1210 1484 1248 ad
1509 1209 1613 1248 radi-

55 1271 136 1297 cem
162 1260 247 1307 οἴνη
270 1261 461 1309 pertinere
481 1264 668 1310 putamus.

152 1309 213 1348 Ex
236 1309 426 1360 Hesychio
450 1310 475 1348 1.
504 1323 536 1349 c.
564 1313 736 1361 apparet,
762 1311 866 1361 apud
891 1311 916 1350 J
918 1323 1008 1350 ones
1032 1313 1179 1349 veteres
1206 1309 1373 1348 monada
1398 1309 1476 1348 sive
1492 1322 1611 1347 unum

54 1358 140 1411 οἴνη
170 1362 346 1398 vocatum
379 1372 470 1399 esse.
536 1361 646 1399 Hanc
682 1373 771 1400 vero
804 1360 970 1400 monada
1004 1360 1244 1410 Pythagorae
1278 1358 1456 1409 discipuli
1494 1359 1611 1397 etiam

52 1407 303 1497 ἑπεὲςονίδηὲ
323 1409 570 1498 ιῦοιῗιίῖαὴεῃῢ
581 1412 756 1499 ἒέῼᾳιλιξιθ
771 1413 912 1498 ἴδιαι-ει,
935 1410 1017 1467 ejus
1041 1409 1174 1498 fulgu-itfl
1194 1421 1311 1460 quum
1335 1420 1384 1447 ex
1399 1407 1610 1496 Plptartrtilgg

53 1470 174 1545 cgncil
188 1471 344 1557 iagthue
362 1472 690 1565 luzefiffgf'potest.
727 1491 748 1508 Ἰ
791 1473 855 1498 um
880 1473 928 1499 ex
958 1472 1044 1509 Ipsa
1104 1463 1147 1510 μ
1175 1471 1400 1509 agoreomm
1460 1471 1506 1564 of:

181 1557 378 1596 lutarchus
402 1569 502 1596 emm
526 1558 551 1595 l.
579 1570 611 1599 c.
636 1558 853 1608 Apollinem
875 1558 1040 1597 monada
1062 1557 1245 1607 appellat,
1270 1557 1500 1607 Pythagorei
1519 1569 1608 1595 vero

50 1605 159 1654 illud,
184 1607 287 1656 quod
299 1607 463 1645 monada
477 1608 555 1645 sive
578 1607 823 1658 ὑπερισνίδης
846 1608 1054 1654 nominant,
1080 1607 1231 1656 saepius
1255 1605 1366 1658 ἥλιον
1383 1609 1525 1657 νοητόν
1543 1618 1609 1644 vo-

52 1666 141 1693 care
165 1656 299 1695 solent.
324 1656 435 1696 Joan.
449 1656 543 1705 Lyd.
570 1656 618 1694 de
642 1669 757 1694 mens.
784 1669 822 1705 p.
852 1660 909 1695 15.
954 1656 1080 1702 Quare
1104 1668 1255 1694 sensum
1278 1655 1431 1695 fabulae
1457 1655 1608 1697 omnino

51 1716 138 1743 cum
162 1708 301 1744 natura.
324 1705 454 1753 Panis,
487 1718 602 1755 quam
627 1706 846 1754 statuimus,
872 1708 912 1744 et
936 1718 1049 1755 quem
1074 1718 1122 1744 ex
1147 1718 1260 1744 sensu
1284 1704 1609 1755 Pythagoreorum

46 1752 157 1809 ἥλιον
180 1758 322 1807 νοητόν
345 1755 541 1799 nominare
575 1768 794 1806 possumus,
832 1755 1038 1794 cohaerere
1070 1757 1175 1806 puto.
1234 1755 1311 1795 Sed
1335 1754 1454 1804 hanc,
1493 1766 1609 1804 quam

47 1805 249 1855 proposui,
276 1805 532 1844 definitionem
555 1806 748 1855 relinquo,
776 1818 891 1856 quum
916 1818 1001 1844 eam
1024 1805 1145 1855 magis
1171 1805 1222 1843 ad
1245 1805 1434 1854 posterius
1457 1809 1608 1854 tempus

95 1857 222 1894 ectare
248 1858 363 1905 atque
394 1856 585 1905 pertinere
618 1858 824 1905 appareat,
863 1855 1044 1905 illamque
1077 1855 1260 1904 amplecti
1292 1857 1409 1904 atque
1442 1854 1608 1904 probare

47 1867 186 1955 {lacet
213 1917 260 1944 ex
285 1918 363 1955 qua
385 1905 612 1944 vocabulum
637 1906 766 1944 Oeno&
792 1917 877 1944 cum
902 1901 1006 1951 οἶνος
1032 1905 1223 1953 cohaeret,
1247 1905 1475 1954 praesertim
1488 1917 1606 1955 quum

47 1967 179 1994 sensus
195 1956 355 2042 §mnino
379 1966 420 1993 se
444 1955 496 1993 ad
520 1957 698 1993 naturam
732 1954 795 1992 dei
827 1955 1023 2003 applicare
1056 1955 1264 2003 intimeque
1289 1966 1377 1992 cum
1401 1967 1448 1992 ea.
1471 1954 1607 1993 cohae-

46 2016 132 2043 rere
156 2004 194 2042 vi
222 2007 341 2042 eatur.

146 2054 185 2102 4)
212 2054 385 2103 Denique
397 2053 448 2092 ad
465 2053 570 2092 illam
583 2052 754 2092 fabulam
769 2065 830 2091 me
846 2056 1036 2102 converto,
1063 2066 1176 2103 quam
1189 2053 1294 2103 apud
1311 2053 1430 2093 schol.
1448 2053 1605 2092 Theocr.

50 2107 82 2142 1.
113 2106 196 2142 123.
223 2103 392 2152 legimus,
416 2103 484 2141 ubi
507 2106 619 2152 pater
643 2103 759 2141 Panis
783 2103 936 2151 Aether,
961 2106 1085 2141 mater
1109 2116 1198 2141 vero
1221 2104 1355 2142 Nereis
1379 2103 1606 2152 appellatur.

46 2152 91 2191 In
116 2152 191 2191 hac
214 2156 343 2191 autem
367 2152 500 2191 tabula
515 2152 743 2203 explicanda
755 2152 804 2191 de
817 2152 982 2192 Aethere
1006 2153 1125 2191 verba
1149 2165 1226 2191 non
1249 2153 1400 2200 faciam,
1426 2152 1606 2203 quoniam

89 2301 111 2342 ¹)
133 2300 291 2342 Apollod.
313 2303 341 2334 1.
363 2303 393 2335 4.
415 2304 444 2335 3.
476 2302 581 2334 schol.
602 2302 769 2344 Lycophr.
791 2304 862 2334 772.
891 2302 996 2335 schol.
1024 2301 1121 2334 Pind.
1151 2302 1195 2334 ad
1215 2302 1299 2344 Arg.
1329 2301 1427 2343 Pyth.
1455 2301 1606 2356 Μυῖα-οἱ).

128 2343 396 2425 ἓΐὶῑνὲρὲζιῑὲἰῑ
418 2343 490 2417 .ξᾷ.
502 2343 1607 2426 {exzffifflfflffifffss0ss;.2{1¹-13052524230.⁰312ss552

87 2434 111 2476 2)
132 2433 296 2490 A'ristipp.
317 2434 359 2489 ili-
374 2435 478 2493 scho‘l.
500 2436 642 2491 Th'eocr.
665 2438 694 2470 1.
714 2438 744 2469 3.
752 2438 948 2479 Ἀρίστιππος
970 2433 1310 2486 1ιξὲἔν’[τῷ’1ο1ρκιτιᾷικιὶὶίῃ
1332 2438 1474 2508 Διόςΐκαὶ
1484 2438 1605 2477 νύμφης

127 2480 270 2565 51'1‘1‘1221‘22‘3‘
277 2476 617 2568 ..9111111111ῖέ-
625 2477 781 2552 ωὶΨ
789 2477 1343 2567 Fffltssissessgtffizutzffi
1372 2477 1605 2566 geme

124 2569 162 2591 111
182 2559 296 2593 Attica
317 2561 413 2592 ortus
435 2562 497 2601 est,
517 2560 579 2593 ubl
598 2570 706 2603 prope
725 2560 961 2610 Marathonem
981 2571 1094 2594 vicum
1106 2561 1220 2594 Oenoe
1231 2563 1390 2609 vocatum
1406 2569 1604 2608 mvemmus,

121 2600 1604 2692 sstsst‘ziffluziiffifflffiqxff1³3AE¹⁰<531⁸²1b01⁹¹5122⁰b331sz‘sscssxssff‘ffffimaepffl]

125 2685 186 2719 ub1
206 2685 307 2734 deum
329 2684 499 2733 quendam
518 2695 700 2731 praecipue
721 2687 860 2728 cultum,
881 2686 932 2719 ibi
952 2687 1057 2719 etiam
1078 2686 1230 2720 fabulam
1250 2687 1293 2718 de
1313 2696 1383 2727 eJus
1400 2688 1480 2718 ortu
1501 2689 1603 2727 atque

123 2726 323 2768 parentibus
344 2736 543 2760 mvenunus.

83 2778 108 2821 ⁸)
129 2778 228 2812 Phot,
248 2779 314 2812 lex.
337 2789 364 2811 S.
384 2789 414 2811 v.
436 2783 568 2827 οἶνίζειν.
591 2780 736 2822 Hesych.
766 2791 791 2814 s.
812 2791 844 2813 V.
878 2784 955 2829 οἴνα]-
977 2791 1009 2822 p.
1031 2782 1104 2814 730.
1129 2785 1252 2817 οἶνίζειν
1279 2784 1328 2812 καὶ
1356 2784 1499 2830 μουοὶζειν
1527 2784 1601 2812 xuni

124 2823 180 2868 grta
198 2823 339 2879 flasco-v
358 2825 415 2861 (sc.
430 2821 602 2886 rffomcum,
623 2823 759 2857 secund.
769 2822 915 2858 Alberta.
935 2822 987 2856 ed..
999 2823 1141 2864 Hesych.
1163 2823 1200 2856 L.
1222 2822 1260 2856 B.
1285 2823 1388 2864 1746.)
1411 2822 1599 2856 cisalmas.

103 2872 160 2895 ..111
172 2862 200 2895 ‚K
212 2872 312 2906 oplse.
332 2873 366 2905 p.
389 2864 458 2895 47*
481 2873 509 2895 a.
1060 2910 1081 2944 4
1099 2908 1117 2929 ἐκ
