<?xml version="1.0" encoding="UTF-8"?>
<!DOCTYPE html PUBLIC "-//W3C//DTD XHTML 1.0 Transitional//EN"
    "http://www.w3.org/TR/xhtml1/DTD/xhtml1-transitional.dtd">
<html xmlns="http://www.w3.org/1999/xhtml" xml:lang="en" lang="en">
 <head>
  <title>
</title>
<meta http-equiv="Content-Type" content="text/html;charset=utf-8" />
  <meta name='ocr-system' content='tesseract 3.04.00' />
  <meta name='ocr-capabilities' content='ocr_page ocr_carea ocr_par ocr_line ocrx_word'/>
</head>
<body>
  <div class='ocr_page' id='page_1' title='image "4737332_0047.png"; bbox 0 0 1731 2980; ppageno 0'>
   <div class='ocr_carea' id='block_1_1' title="bbox 749 19 996 55">
    <p class='ocr_par' dir='ltr' id='par_1_1' title="bbox 749 19 996 55">
     <span class='ocr_line' id='line_1_1' title="bbox 749 19 996 55; baseline -0.004 -9"><span class='ocrx_word' id='word_1_1' title='bbox 749 19 996 55; x_wconf 74' lang='lat'>-34-</span> 
     </span>
    </p>
   </div>
   <div class='ocr_carea' id='block_1_2' title="bbox 89 116 1650 1064">
    <p class='ocr_par' dir='ltr' id='par_1_2' title="bbox 91 116 1650 617">
     <span class='ocr_line' id='line_1_2' title="bbox 195 116 1648 170; baseline 0.002 -13"><span class='ocrx_word' id='word_1_2' title='bbox 195 119 272 158; x_wconf 89' lang='lat' dir='ltr'>Sed</span> <span class='ocrx_word' id='word_1_3' title='bbox 296 130 412 168; x_wconf 91' lang='lat' dir='ltr'>quum</span> <span class='ocrx_word' id='word_1_4' title='bbox 440 118 618 156; x_wconf 79' lang='lat' dir='ltr'><strong>fertilitas</strong></span> <span class='ocrx_word' id='word_1_5' title='bbox 649 119 776 156; x_wconf 88' lang='lat' dir='ltr'>terrae</span> <span class='ocrx_word' id='word_1_6' title='bbox 806 116 1012 167; x_wconf 81' lang='lat' dir='ltr'><strong>praecipue</strong></span> <span class='ocrx_word' id='word_1_7' title='bbox 1043 116 1091 155; x_wconf 91' lang='lat' dir='ltr'>iis</span> <span class='ocrx_word' id='word_1_8' title='bbox 1121 116 1216 156; x_wconf 87' lang='lat' dir='ltr'>locis</span> <span class='ocrx_word' id='word_1_9' title='bbox 1250 121 1453 170; x_wconf 75' lang='lat' dir='ltr'>appareat,</span> <span class='ocrx_word' id='word_1_10' title='bbox 1484 120 1525 160; x_wconf 87' lang='lat' dir='ltr'>in</span> <span class='ocrx_word' id='word_1_11' title='bbox 1577 132 1648 160; x_wconf 90' lang='lat' dir='ltr'>uae</span> 
     </span>
     <span class='ocr_line' id='line_1_3' title="bbox 96 133 1634 223; baseline 0.001 -15"><span class='ocrx_word' id='word_1_12' title='bbox 96 170 248 208; x_wconf 90' lang='lat' dir='ltr'>cultura</span> <span class='ocrx_word' id='word_1_13' title='bbox 270 168 463 208; x_wconf 90' lang='lat' dir='ltr'>hominum</span> <span class='ocrx_word' id='word_1_14' title='bbox 487 166 655 206; x_wconf 91' lang='lat' dir='ltr'>nondum</span> <span class='ocrx_word' id='word_1_15' title='bbox 676 209 678 212; x_wconf 55' lang='grc'>,</span> <span class='ocrx_word' id='word_1_16' title='bbox 704 166 873 223; x_wconf 77' lang='lat' dir='ltr'><strong>rumpit,</strong></span> <span class='ocrx_word' id='word_1_17' title='bbox 907 178 1029 223; x_wconf 45' lang='lat' dir='ltr'>quum·</span> <span class='ocrx_word' id='word_1_18' title='bbox 1047 165 1087 204; x_wconf 89' lang='lat' dir='ltr'>in</span> <span class='ocrx_word' id='word_1_19' title='bbox 1119 167 1311 207; x_wconf 88' lang='lat' dir='ltr'>montibus</span> <span class='ocrx_word' id='word_1_20' title='bbox 1335 168 1509 218; x_wconf 78' lang='lat' dir='ltr'><strong>abruptis</strong></span> <span class='ocrx_word' id='word_1_21' title='bbox 1531 133 1634 210; x_wconf 53' lang='lat' dir='ltr'>silvis</span> 
     </span>
     <span class='ocr_line' id='line_1_4' title="bbox 96 216 1650 269; baseline 0.001 -12"><span class='ocrx_word' id='word_1_22' title='bbox 96 231 172 269; x_wconf 90' lang='lat' dir='ltr'>que</span> <span class='ocrx_word' id='word_1_23' title='bbox 210 218 382 257; x_wconf 81' lang='lat' dir='ltr'><strong>obscuris</strong></span> <span class='ocrx_word' id='word_1_24' title='bbox 422 218 532 267; x_wconf 88' lang='lat' dir='ltr'>quasi</span> <span class='ocrx_word' id='word_1_25' title='bbox 565 229 662 266; x_wconf 86' lang='lat' dir='ltr'>quae</span> <span class='ocrx_word' id='word_1_26' title='bbox 692 228 753 254; x_wconf 89' lang='lat' dir='ltr'>am</span> <span class='ocrx_word' id='word_1_27' title='bbox 776 228 833 254; x_wconf 88' lang='lat' dir='ltr'>v1s</span> <span class='ocrx_word' id='word_1_28' title='bbox 858 216 1056 254; x_wconf 88' lang='lat' dir='ltr'>daemoms·</span> <span class='ocrx_word' id='word_1_29' title='bbox 1075 217 1217 255; x_wconf 87' lang='lat' dir='ltr'>terram</span> <span class='ocrx_word' id='word_1_30' title='bbox 1241 218 1409 267; x_wconf 82' lang='lat' dir='ltr'>regentis</span> <span class='ocrx_word' id='word_1_31' title='bbox 1433 220 1473 256; x_wconf 91' lang='lat' dir='ltr'>et</span> <span class='ocrx_word' id='word_1_32' title='bbox 1494 231 1650 268; x_wconf 87' lang='lat' dir='ltr'>praesa-</span> 
     </span>
     <span class='ocr_line' id='line_1_5' title="bbox 95 264 1650 317; baseline 0.001 -11"><span class='ocrx_word' id='word_1_33' title='bbox 95 269 198 317; x_wconf 87' lang='lat' dir='ltr'>gium</span> <span class='ocrx_word' id='word_1_34' title='bbox 221 268 385 306; x_wconf 90' lang='lat' dir='ltr'>numinis</span> <span class='ocrx_word' id='word_1_35' title='bbox 408 267 575 316; x_wconf 86' lang='lat' dir='ltr'>potentis</span> <span class='ocrx_word' id='word_1_36' title='bbox 607 278 700 316; x_wconf 91' lang='lat' dir='ltr'>prae</span> <span class='ocrx_word' id='word_1_37' title='bbox 732 265 868 304; x_wconf 84' lang='lat' dir='ltr'>ceteris</span> <span class='ocrx_word' id='word_1_38' title='bbox 900 264 995 303; x_wconf 89' lang='lat' dir='ltr'>locis</span> <span class='ocrx_word' id='word_1_39' title='bbox 1034 264 1201 314; x_wconf 78' lang='lat' dir='ltr'>eluceat,</span> <span class='ocrx_word' id='word_1_40' title='bbox 1235 267 1350 306; x_wconf 85' lang='lat' dir='ltr'>etiam</span> <span class='ocrx_word' id='word_1_41' title='bbox 1386 268 1426 307; x_wconf 92' lang='lat' dir='ltr'>in</span> <span class='ocrx_word' id='word_1_42' title='bbox 1458 268 1650 309; x_wconf 88' lang='lat' dir='ltr'>montibus</span> 
     </span>
     <span class='ocr_line' id='line_1_6' title="bbox 93 314 1648 368; baseline 0.001 -11"><span class='ocrx_word' id='word_1_43' title='bbox 93 318 262 368; x_wconf 89' lang='lat' dir='ltr'>locisque</span> <span class='ocrx_word' id='word_1_44' title='bbox 287 317 446 357; x_wconf 78' lang='lat' dir='ltr'>desertis</span> <span class='ocrx_word' id='word_1_45' title='bbox 469 316 674 367; x_wconf 81' lang='lat' dir='ltr'>praecipue</span> <span class='ocrx_word' id='word_1_46' title='bbox 698 316 838 354; x_wconf 89' lang='lat' dir='ltr'>Panem</span> <span class='ocrx_word' id='word_1_47' title='bbox 853 314 1075 364; x_wconf 84' lang='lat' dir='ltr'>invenimus,</span> <span class='ocrx_word' id='word_1_48' title='bbox 1102 315 1238 365; x_wconf 90' lang='lat' dir='ltr'>quibus</span> <span class='ocrx_word' id='word_1_49' title='bbox 1257 316 1400 366; x_wconf 86' lang='lat' dir='ltr'>gaudet</span> <span class='ocrx_word' id='word_1_50' title='bbox 1415 321 1454 356; x_wconf 88' lang='lat' dir='ltr'>et</span> <span class='ocrx_word' id='word_1_51' title='bbox 1478 322 1648 366; x_wconf 82' lang='lat' dir='ltr'>venatur,</span> 
     </span>
     <span class='ocr_line' id='line_1_7' title="bbox 94 365 1648 465; baseline 0.002 -10"><span class='ocrx_word' id='word_1_52' title='bbox 94 369 246 463; x_wconf 56' lang='lat' dir='ltr'>syrini?</span> <span class='ocrx_word' id='word_1_53' title='bbox 259 365 1648 465; x_wconf 49' lang='lat' dir='ltr'>{iffiffissttssssessffffississt&#39;fimpffliffinffiffififffflffiffldm</span> 
     </span>
     <span class='ocr_line' id='line_1_8' title="bbox 92 430 1647 517; baseline -0.001 -10"><span class='ocrx_word' id='word_1_54' title='bbox 92 464 301 516; x_wconf 84' lang='lat' dir='ltr'>testantur,</span> <span class='ocrx_word' id='word_1_55' title='bbox 340 479 438 517; x_wconf 88' lang='lat' dir='ltr'>quae</span> <span class='ocrx_word' id='word_1_56' title='bbox 469 466 666 506; x_wconf 89' lang='lat' dir='ltr'>brevitatis</span> <span class='ocrx_word' id='word_1_57' title='bbox 692 477 806 504; x_wconf 88' lang='lat' dir='ltr'>causa</span> <span class='ocrx_word' id='word_1_58' title='bbox 831 465 974 503; x_wconf 87' lang='lat' dir='ltr'>omitto.</span> <span class='ocrx_word' id='word_1_59' title='bbox 997 467 1026 514; x_wconf 81' lang='lat'>²)</span> <span class='ocrx_word' id='word_1_60' title='bbox 1078 466 1154 504; x_wconf 85' lang='lat' dir='ltr'>Sed</span> <span class='ocrx_word' id='word_1_61' title='bbox 1180 479 1226 504; x_wconf 85' lang='lat' dir='ltr'>ex</span> <span class='ocrx_word' id='word_1_62' title='bbox 1251 467 1324 505; x_wconf 88' lang='lat' dir='ltr'>hoc</span> <span class='ocrx_word' id='word_1_63' title='bbox 1350 467 1431 516; x_wconf 85' lang='lat' dir='ltr'>ejus</span> <span class='ocrx_word' id='word_1_64' title='bbox 1456 430 1647 507; x_wconf 58' lang='lat' dir='ltr'>dgmicilio</span> 
     </span>
     <span class='ocr_line' id='line_1_9' title="bbox 91 513 1649 567; baseline 0.001 -12"><span class='ocrx_word' id='word_1_65' title='bbox 91 518 294 566; x_wconf 86' lang='lat' dir='ltr'>qualitates</span> <span class='ocrx_word' id='word_1_66' title='bbox 326 516 515 565; x_wconf 85' lang='lat' dir='ltr'>quaedam</span> <span class='ocrx_word' id='word_1_67' title='bbox 546 518 734 564; x_wconf 80' lang='lat' dir='ltr'>apparent</span> <span class='ocrx_word' id='word_1_68' title='bbox 765 513 1043 564; x_wconf 90' lang='lat' dir='ltr'>lucidioresque</span> <span class='ocrx_word' id='word_1_69' title='bbox 1074 514 1196 563; x_wconf 84' lang='lat' dir='ltr'>siunt,</span> <span class='ocrx_word' id='word_1_70' title='bbox 1246 528 1343 566; x_wconf 89' lang='lat' dir='ltr'>quae</span> <span class='ocrx_word' id='word_1_71' title='bbox 1374 517 1592 567; x_wconf 83' lang='lat' dir='ltr'>saepissime</span> <span class='ocrx_word' id='word_1_72' title='bbox 1624 529 1649 556; x_wconf 84' lang='lat' dir='ltr'>a.</span> 
     </span>
     <span class='ocr_line' id='line_1_10' title="bbox 91 566 715 617; baseline 0.002 -12"><span class='ocrx_word' id='word_1_73' title='bbox 91 566 340 617; x_wconf 84' lang='lat' dir='ltr'>scriptoribus</span> <span class='ocrx_word' id='word_1_74' title='bbox 364 567 715 606; x_wconf 81' lang='lat' dir='ltr'>commemorantur.</span> 
     </span>
    </p>

    <p class='ocr_par' dir='ltr' id='par_1_3' title="bbox 89 616 1647 1064">
     <span class='ocr_line' id='line_1_11' title="bbox 193 616 1646 666; baseline -0.001 -10"><span class='ocrx_word' id='word_1_75' title='bbox 193 618 230 666; x_wconf 92' lang='lat'>5)</span> <span class='ocrx_word' id='word_1_76' title='bbox 256 617 302 656; x_wconf 92' lang='lat' dir='ltr'>In</span> <span class='ocrx_word' id='word_1_77' title='bbox 325 616 462 655; x_wconf 90' lang='lat' dir='ltr'>harum</span> <span class='ocrx_word' id='word_1_78' title='bbox 493 618 624 654; x_wconf 84' lang='lat' dir='ltr'>autem</span> <span class='ocrx_word' id='word_1_79' title='bbox 654 616 933 664; x_wconf 84' lang='lat' dir='ltr'>proprietatum</span> <span class='ocrx_word' id='word_1_80' title='bbox 963 627 1119 652; x_wconf 88' lang='lat' dir='ltr'>numero</span> <span class='ocrx_word' id='word_1_81' title='bbox 1149 616 1314 663; x_wconf 89' lang='lat' dir='ltr'>primum</span> <span class='ocrx_word' id='word_1_82' title='bbox 1338 616 1463 655; x_wconf 91' lang='lat' dir='ltr'>locum</span> <span class='ocrx_word' id='word_1_83' title='bbox 1489 617 1646 664; x_wconf 89' lang='lat' dir='ltr'>obtinet,</span> 
     </span>
     <span class='ocr_line' id='line_1_12' title="bbox 95 663 1646 723; baseline 0.001 -20"><span class='ocrx_word' id='word_1_84' title='bbox 95 667 198 714; x_wconf 89' lang='lat' dir='ltr'>quod</span> <span class='ocrx_word' id='word_1_85' title='bbox 223 666 441 723; x_wconf 85' lang='lat' dir='ltr'>saepissime</span> <span class='ocrx_word' id='word_1_86' title='bbox 470 666 635 702; x_wconf 90' lang='lat' dir='ltr'>viatores</span> <span class='ocrx_word' id='word_1_87' title='bbox 659 668 803 701; x_wconf 85' lang='lat' dir='ltr'>terreat</span> <span class='ocrx_word' id='word_1_88' title='bbox 825 665 948 714; x_wconf 87' lang='lat' dir='ltr'>iisque</span> <span class='ocrx_word' id='word_1_89' title='bbox 973 675 1065 701; x_wconf 88' lang='lat' dir='ltr'>sono</span> <span class='ocrx_word' id='word_1_90' title='bbox 1090 663 1257 718; x_wconf 80' lang='lat' dir='ltr'>quodam</span> <span class='ocrx_word' id='word_1_91' title='bbox 1281 665 1473 715; x_wconf 84' lang='lat' dir='ltr'>inaudito,</span> <span class='ocrx_word' id='word_1_92' title='bbox 1500 669 1568 704; x_wconf 86' lang='lat' dir='ltr'>aut</span> <span class='ocrx_word' id='word_1_93' title='bbox 1592 666 1646 705; x_wconf 91' lang='lat' dir='ltr'>vi-</span> 
     </span>
     <span class='ocr_line' id='line_1_13' title="bbox 92 713 1647 771; baseline 0.002 -18"><span class='ocrx_word' id='word_1_94' title='bbox 92 714 260 754; x_wconf 89' lang='lat' dir='ltr'>sionibus</span> <span class='ocrx_word' id='word_1_95' title='bbox 291 714 482 754; x_wconf 88' lang='lat' dir='ltr'>musitatis</span> <span class='ocrx_word' id='word_1_96' title='bbox 513 713 718 753; x_wconf 77' lang='lat' dir='ltr'>maximum</span> <span class='ocrx_word' id='word_1_97' title='bbox 747 716 932 754; x_wconf 89' lang='lat' dir='ltr'>terrorem</span> <span class='ocrx_word' id='word_1_98' title='bbox 963 713 1119 771; x_wconf 83' lang='lat' dir='ltr'>injiciat.</span> <span class='ocrx_word' id='word_1_99' title='bbox 1141 714 1170 765; x_wconf 72' lang='lat'>³)</span> <span class='ocrx_word' id='word_1_100' title='bbox 1220 714 1278 753; x_wconf 92' lang='lat' dir='ltr'>De</span> <span class='ocrx_word' id='word_1_101' title='bbox 1316 714 1389 755; x_wconf 87' lang='lat' dir='ltr'>hac</span> <span class='ocrx_word' id='word_1_102' title='bbox 1420 716 1534 756; x_wconf 85' lang='lat' dir='ltr'>Panis</span> <span class='ocrx_word' id='word_1_103' title='bbox 1557 730 1647 767; x_wconf 92' lang='lat' dir='ltr'>pro-</span> 
     </span>
     <span class='ocr_line' id='line_1_14' title="bbox 90 765 1642 815; baseline 0 -11"><span class='ocrx_word' id='word_1_104' title='bbox 90 767 255 815; x_wconf 89' lang='lat' dir='ltr'>prietate</span> <span class='ocrx_word' id='word_1_105' title='bbox 282 765 515 805; x_wconf 89' lang='lat' dir='ltr'>Lobeckius:</span> <span class='ocrx_word' id='word_1_106' title='bbox 549 765 701 803; x_wconf 89' lang='lat' dir='ltr'>Etenim</span> <span class='ocrx_word' id='word_1_107' title='bbox 725 765 878 812; x_wconf 91' lang='lat' dir='ltr'>horror,</span> <span class='ocrx_word' id='word_1_108' title='bbox 905 765 1048 813; x_wconf 81' lang='lat' dir='ltr'>inquit,</span> <span class='ocrx_word' id='word_1_109' title='bbox 1082 776 1196 812; x_wconf 90' lang='lat' dir='ltr'>quem</span> <span class='ocrx_word' id='word_1_110' title='bbox 1219 765 1317 802; x_wconf 90' lang='lat' dir='ltr'>vasti</span> <span class='ocrx_word' id='word_1_111' title='bbox 1340 769 1487 804; x_wconf 89' lang='lat' dir='ltr'>montes</span> <span class='ocrx_word' id='word_1_112' title='bbox 1512 766 1642 804; x_wconf 88' lang='lat' dir='ltr'>silvae-</span> 
     </span>
     <span class='ocr_line' id='line_1_15' title="bbox 91 811 1646 864; baseline 0.001 -12"><span class='ocrx_word' id='word_1_113' title='bbox 91 827 165 863; x_wconf 92' lang='lat' dir='ltr'>que</span> <span class='ocrx_word' id='word_1_114' title='bbox 189 814 499 864; x_wconf 86' lang='lat' dir='ltr'>impenetrabiles</span> <span class='ocrx_word' id='word_1_115' title='bbox 523 816 562 851; x_wconf 87' lang='lat' dir='ltr'>et</span> <span class='ocrx_word' id='word_1_116' title='bbox 586 813 750 851; x_wconf 89' lang='lat' dir='ltr'>solitudo</span> <span class='ocrx_word' id='word_1_117' title='bbox 768 815 853 863; x_wconf 89' lang='lat' dir='ltr'>ipsa</span> <span class='ocrx_word' id='word_1_118' title='bbox 870 812 1084 851; x_wconf 86' lang='lat' dir='ltr'>errantibus</span> <span class='ocrx_word' id='word_1_119' title='bbox 1102 811 1296 851; x_wconf 89' lang='lat' dir='ltr'>offundere</span> <span class='ocrx_word' id='word_1_120' title='bbox 1315 813 1447 863; x_wconf 88' lang='lat' dir='ltr'>solent,</span> <span class='ocrx_word' id='word_1_121' title='bbox 1472 815 1512 853; x_wconf 90' lang='lat' dir='ltr'>in</span> <span class='ocrx_word' id='word_1_122' title='bbox 1530 827 1646 854; x_wconf 87' lang='lat' dir='ltr'>causa</span> 
     </span>
     <span class='ocr_line' id='line_1_16' title="bbox 89 862 1646 915; baseline 0.003 -14"><span class='ocrx_word' id='word_1_123' title='bbox 89 864 183 912; x_wconf 82' lang='lat' dir='ltr'>fuit,</span> <span class='ocrx_word' id='word_1_124' title='bbox 218 876 286 902; x_wconf 91' lang='lat' dir='ltr'>cur</span> <span class='ocrx_word' id='word_1_125' title='bbox 319 863 485 913; x_wconf 84' lang='lat' dir='ltr'>agrestia</span> <span class='ocrx_word' id='word_1_126' title='bbox 507 863 665 902; x_wconf 89' lang='lat' dir='ltr'>numina</span> <span class='ocrx_word' id='word_1_127' title='bbox 688 875 850 903; x_wconf 89' lang='lat' dir='ltr'>occursu</span> <span class='ocrx_word' id='word_1_128' title='bbox 874 875 942 903; x_wconf 90' lang='lat' dir='ltr'>suo</span> <span class='ocrx_word' id='word_1_129' title='bbox 968 862 1116 901; x_wconf 88' lang='lat' dir='ltr'>obviam</span> <span class='ocrx_word' id='word_1_130' title='bbox 1147 862 1269 902; x_wconf 86' lang='lat' dir='ltr'>factos</span> <span class='ocrx_word' id='word_1_131' title='bbox 1293 862 1490 915; x_wconf 83' lang='lat' dir='ltr'>lymphare</span> <span class='ocrx_word' id='word_1_132' title='bbox 1515 864 1646 905; x_wconf 91' lang='lat' dir='ltr'>crede-</span> 
     </span>
     <span class='ocr_line' id='line_1_17' title="bbox 91 912 1645 964; baseline 0.001 -12"><span class='ocrx_word' id='word_1_133' title='bbox 91 917 235 953; x_wconf 88' lang='lat' dir='ltr'>rentur.</span> <span class='ocrx_word' id='word_1_134' title='bbox 243 915 275 964; x_wconf 53' lang='grc' dir='ltr'>ι’)</span> <span class='ocrx_word' id='word_1_135' title='bbox 327 914 452 960; x_wconf 82' lang='lat' dir='ltr'>Quare</span> <span class='ocrx_word' id='word_1_136' title='bbox 478 914 593 952; x_wconf 86' lang='lat' dir='ltr'>etiam</span> <span class='ocrx_word' id='word_1_137' title='bbox 617 916 802 962; x_wconf 89' lang='lat' dir='ltr'>pastores,</span> <span class='ocrx_word' id='word_1_138' title='bbox 831 926 906 962; x_wconf 93' lang='lat' dir='ltr'>quo</span> <span class='ocrx_word' id='word_1_139' title='bbox 931 915 1102 962; x_wconf 88' lang='lat' dir='ltr'>tempore</span> <span class='ocrx_word' id='word_1_140' title='bbox 1125 912 1206 950; x_wconf 87' lang='lat' dir='ltr'>Pan</span> <span class='ocrx_word' id='word_1_141' title='bbox 1231 913 1381 961; x_wconf 88' lang='lat' dir='ltr'>dormit,</span> <span class='ocrx_word' id='word_1_142' title='bbox 1407 915 1556 964; x_wconf 87' lang='lat' dir='ltr'>syringe</span> <span class='ocrx_word' id='word_1_143' title='bbox 1581 926 1645 953; x_wconf 87' lang='lat' dir='ltr'>ca-</span> 
     </span>
     <span class='ocr_line' id='line_1_18' title="bbox 89 962 1646 1012; baseline 0 -10"><span class='ocrx_word' id='word_1_144' title='bbox 89 975 180 1002; x_wconf 88' lang='lat' dir='ltr'>nere</span> <span class='ocrx_word' id='word_1_145' title='bbox 213 976 288 1002; x_wconf 92' lang='lat' dir='ltr'>non</span> <span class='ocrx_word' id='word_1_146' title='bbox 324 964 483 1009; x_wconf 87' lang='lat' dir='ltr'>audent,</span> <span class='ocrx_word' id='word_1_147' title='bbox 508 963 536 1012; x_wconf 74' lang='lat'>⁵)</span> <span class='ocrx_word' id='word_1_148' title='bbox 571 974 620 1000; x_wconf 86' lang='lat' dir='ltr'>ne</span> <span class='ocrx_word' id='word_1_149' title='bbox 653 975 678 1000; x_wconf 92' lang='lat' dir='ltr'>a</span> <span class='ocrx_word' id='word_1_150' title='bbox 714 962 786 1000; x_wconf 91' lang='lat' dir='ltr'>deo</span> <span class='ocrx_word' id='word_1_151' title='bbox 820 962 945 1001; x_wconf 88' lang='lat' dir='ltr'>subito</span> <span class='ocrx_word' id='word_1_152' title='bbox 981 974 1027 999; x_wconf 84' lang='lat' dir='ltr'>ex</span> <span class='ocrx_word' id='word_1_153' title='bbox 1060 973 1190 999; x_wconf 87' lang='lat' dir='ltr'>somno</span> <span class='ocrx_word' id='word_1_154' title='bbox 1215 962 1407 1011; x_wconf 85' lang='lat' dir='ltr'>evigilanti</span> <span class='ocrx_word' id='word_1_155' title='bbox 1430 965 1646 1002; x_wconf 88' lang='lat' dir='ltr'>terreantur</span> 
     </span>
     <span class='ocr_line' id='line_1_19' title="bbox 90 1010 1645 1064; baseline 0.001 -13"><span class='ocrx_word' id='word_1_156' title='bbox 90 1013 345 1064; x_wconf 87' lang='lat' dir='ltr'>damnumque</span> <span class='ocrx_word' id='word_1_157' title='bbox 370 1013 568 1063; x_wconf 88' lang='lat' dir='ltr'>recipiant.</span> <span class='ocrx_word' id='word_1_158' title='bbox 619 1011 692 1051; x_wconf 91' lang='lat' dir='ltr'>Hic</span> <span class='ocrx_word' id='word_1_159' title='bbox 719 1024 807 1051; x_wconf 89' lang='lat' dir='ltr'>vero</span> <span class='ocrx_word' id='word_1_160' title='bbox 832 1011 1023 1051; x_wconf 87' lang='lat' dir='ltr'>Theocriti</span> <span class='ocrx_word' id='word_1_161' title='bbox 1047 1010 1154 1050; x_wconf 82' lang='lat' dir='ltr'>locus</span> <span class='ocrx_word' id='word_1_162' title='bbox 1178 1011 1319 1061; x_wconf 91' lang='lat' dir='ltr'>optime</span> <span class='ocrx_word' id='word_1_163' title='bbox 1349 1013 1418 1051; x_wconf 85' lang='lat' dir='ltr'>tali</span> <span class='ocrx_word' id='word_1_164' title='bbox 1442 1013 1554 1053; x_wconf 90' lang='lat' dir='ltr'>modo</span> <span class='ocrx_word' id='word_1_165' title='bbox 1580 1026 1645 1052; x_wconf 90' lang='lat' dir='ltr'>ex-</span> 
     </span>
    </p>
   </div>
   <div class='ocr_carea' id='block_1_3' title="bbox 459 1110 582 1117">
    <p class='ocr_par' dir='ltr' id='par_1_4' title="bbox 459 1110 582 1117">
     <span class='ocr_line' id='line_1_20' title="bbox 459 1110 582 1117; baseline 0 0"><span class='ocrx_word' id='word_1_166' title='bbox 459 1110 582 1117; x_wconf 95' lang='lat' dir='ltr'> </span> 
     </span>
    </p>
   </div>
   <div class='ocr_carea' id='block_1_4' title="bbox 114 1159 1647 2407">
    <p class='ocr_par' dir='ltr' id='par_1_5' title="bbox 162 1159 1647 1575">
     <span class='ocr_line' id='line_1_21' title="bbox 169 1159 1647 1203; baseline -0.001 -8"><span class='ocrx_word' id='word_1_167' title='bbox 169 1161 347 1203; x_wconf 88' lang='lat' dir='ltr'>Spanhem.</span> <span class='ocrx_word' id='word_1_168' title='bbox 359 1161 543 1195; x_wconf 78' lang='lat' dir='ltr'>adCallim.</span> <span class='ocrx_word' id='word_1_169' title='bbox 554 1162 587 1193; x_wconf 86' lang='lat' dir='ltr'>h.</span> <span class='ocrx_word' id='word_1_170' title='bbox 597 1161 633 1192; x_wconf 86' lang='lat' dir='ltr'>in</span> <span class='ocrx_word' id='word_1_171' title='bbox 643 1161 764 1193; x_wconf 91' lang='lat' dir='ltr'>Delum</span> <span class='ocrx_word' id='word_1_172' title='bbox 775 1171 806 1193; x_wconf 91' lang='lat' dir='ltr'>v.</span> <span class='ocrx_word' id='word_1_173' title='bbox 817 1161 888 1192; x_wconf 85' lang='lat'>321.</span> <span class='ocrx_word' id='word_1_174' title='bbox 898 1170 931 1201; x_wconf 90' lang='lat' dir='ltr'>p.</span> <span class='ocrx_word' id='word_1_175' title='bbox 942 1160 1012 1192; x_wconf 88' lang='lat'>590.</span> <span class='ocrx_word' id='word_1_176' title='bbox 1020 1159 1102 1192; x_wconf 87' lang='lat' dir='ltr'>Ern.</span> <span class='ocrx_word' id='word_1_177' title='bbox 1131 1159 1322 1192; x_wconf 88' lang='lat' dir='ltr'>Secundum</span> <span class='ocrx_word' id='word_1_178' title='bbox 1332 1160 1435 1192; x_wconf 88' lang='lat' dir='ltr'>schol.</span> <span class='ocrx_word' id='word_1_179' title='bbox 1450 1161 1591 1193; x_wconf 89' lang='lat' dir='ltr'>Theocr.</span> <span class='ocrx_word' id='word_1_180' title='bbox 1604 1162 1647 1194; x_wconf 88' lang='lat' dir='ltr'>V.</span> 
     </span>
     <span class='ocr_line' id='line_1_22' title="bbox 172 1201 1640 1243; baseline -0.001 -8"><span class='ocrx_word' id='word_1_181' title='bbox 172 1206 220 1235; x_wconf 85' lang='grc'>14.</span> <span class='ocrx_word' id='word_1_182' title='bbox 250 1203 414 1235; x_wconf 84' lang='lat' dir='ltr'>Pindarus</span> <span class='ocrx_word' id='word_1_183' title='bbox 444 1203 571 1234; x_wconf 89' lang='lat' dir='ltr'>Panem</span> <span class='ocrx_word' id='word_1_184' title='bbox 599 1203 808 1242; x_wconf 84' lang='lat' dir='ltr'>piscatorum</span> <span class='ocrx_word' id='word_1_185' title='bbox 830 1201 931 1232; x_wconf 88' lang='lat' dir='ltr'>deum</span> <span class='ocrx_word' id='word_1_186' title='bbox 951 1201 1116 1236; x_wconf 88' lang='lat' dir='ltr'>nominat.</span> <span class='ocrx_word' id='word_1_187' title='bbox 1167 1201 1345 1240; x_wconf 85' lang='lat' dir='ltr'>Praeterea</span> <span class='ocrx_word' id='word_1_188' title='bbox 1375 1201 1475 1243; x_wconf 82' lang='lat' dir='ltr'>piscis</span> <span class='ocrx_word' id='word_1_189' title='bbox 1503 1202 1640 1243; x_wconf 85' lang='lat' dir='ltr'>quidam</span> 
     </span>
     <span class='ocr_line' id='line_1_23' title="bbox 168 1241 1641 1286; baseline -0.001 -9"><span class='ocrx_word' id='word_1_190' title='bbox 168 1244 260 1286; x_wconf 89' lang='lat' dir='ltr'>apud</span> <span class='ocrx_word' id='word_1_191' title='bbox 281 1247 411 1276; x_wconf 87' lang='lat' dir='ltr'>veteres</span> <span class='ocrx_word' id='word_1_192' title='bbox 420 1244 491 1275; x_wconf 88' lang='lat' dir='ltr'>Pan</span> <span class='ocrx_word' id='word_1_193' title='bbox 510 1243 761 1284; x_wconf 86' lang='lat' dir='ltr'>nominabatur,</span> <span class='ocrx_word' id='word_1_194' title='bbox 781 1244 821 1274; x_wconf 94' lang='lat' dir='ltr'>ut</span> <span class='ocrx_word' id='word_1_195' title='bbox 837 1252 877 1274; x_wconf 89' lang='lat' dir='ltr'>ex</span> <span class='ocrx_word' id='word_1_196' title='bbox 886 1241 1067 1283; x_wconf 88' lang='lat' dir='ltr'>Hephaest.</span> <span class='ocrx_word' id='word_1_197' title='bbox 1089 1242 1111 1274; x_wconf 91' lang='lat'>1.</span> <span class='ocrx_word' id='word_1_198' title='bbox 1133 1242 1202 1274; x_wconf 89' lang='lat' dir='ltr'>VH.</span> <span class='ocrx_word' id='word_1_199' title='bbox 1223 1253 1275 1283; x_wconf 87' lang='lat' dir='ltr'>ap.</span> <span class='ocrx_word' id='word_1_200' title='bbox 1297 1243 1395 1276; x_wconf 88' lang='lat' dir='ltr'>Phot.</span> <span class='ocrx_word' id='word_1_201' title='bbox 1404 1254 1439 1284; x_wconf 88' lang='lat' dir='ltr'>p.</span> <span class='ocrx_word' id='word_1_202' title='bbox 1448 1244 1518 1276; x_wconf 85' lang='lat'>494.</span> <span class='ocrx_word' id='word_1_203' title='bbox 1539 1254 1641 1285; x_wconf 88' lang='lat' dir='ltr'>appa-</span> 
     </span>
     <span class='ocr_line' id='line_1_24' title="bbox 168 1284 1638 1327; baseline 0 -9"><span class='ocrx_word' id='word_1_204' title='bbox 168 1289 239 1318; x_wconf 76' lang='lat' dir='ltr'>ret:</span> <span class='ocrx_word' id='word_1_205' title='bbox 260 1290 346 1318; x_wconf 75' lang='grc' dir='ltr'><strong><em>Πόἱνα</em></strong></span> <span class='ocrx_word' id='word_1_206' title='bbox 367 1290 405 1318; x_wconf 82' lang='grc' dir='ltr'>δέ</span> <span class='ocrx_word' id='word_1_207' title='bbox 424 1298 514 1327; x_wconf 83' lang='grc' dir='ltr'><strong><em>φησιν</em></strong></span> <span class='ocrx_word' id='word_1_208' title='bbox 536 1288 630 1327; x_wconf 76' lang='grc' dir='ltr'><strong><em>ἰχθὺν</em></strong></span> <span class='ocrx_word' id='word_1_209' title='bbox 654 1284 731 1317; x_wconf 75' lang='grc' dir='ltr'><strong><em>εἶναι</em></strong></span> <span class='ocrx_word' id='word_1_210' title='bbox 750 1287 921 1316; x_wconf 73' lang='grc' dir='ltr'><strong><em>θαλάσσιον</em></strong></span> <span class='ocrx_word' id='word_1_211' title='bbox 942 1287 1070 1324; x_wconf 75' lang='grc' dir='ltr'>κητώδη,</span> <span class='ocrx_word' id='word_1_212' title='bbox 1093 1286 1203 1322; x_wconf 76' lang='grc' dir='ltr'><strong><em>ὅμοιον</em></strong></span> <span class='ocrx_word' id='word_1_213' title='bbox 1223 1290 1266 1325; x_wconf 75' lang='grc' dir='ltr'>τῷ</span> <span class='ocrx_word' id='word_1_214' title='bbox 1287 1288 1364 1317; x_wconf 83' lang='grc' dir='ltr'><strong><em>Πανὶ</em></strong></span> <span class='ocrx_word' id='word_1_215' title='bbox 1385 1288 1458 1318; x_wconf 70' lang='lat' dir='ltr'>xuni</span> <span class='ocrx_word' id='word_1_216' title='bbox 1479 1288 1536 1326; x_wconf 77' lang='grc' dir='ltr'>τήν</span> <span class='ocrx_word' id='word_1_217' title='bbox 1556 1288 1638 1327; x_wconf 72' lang='grc' dir='ltr'><strong>ὄψιν.</strong></span> 
     </span>
     <span class='ocr_line' id='line_1_25' title="bbox 168 1324 1639 1368; baseline -0.001 -8"><span class='ocrx_word' id='word_1_218' title='bbox 168 1328 212 1362; x_wconf 82' lang='lat' dir='ltr'>cf.</span> <span class='ocrx_word' id='word_1_219' title='bbox 229 1327 272 1359; x_wconf 86' lang='lat' dir='ltr'>de</span> <span class='ocrx_word' id='word_1_220' title='bbox 293 1328 431 1367; x_wconf 89' lang='lat' dir='ltr'>honore,</span> <span class='ocrx_word' id='word_1_221' title='bbox 454 1336 519 1367; x_wconf 91' lang='lat' dir='ltr'>quo</span> <span class='ocrx_word' id='word_1_222' title='bbox 541 1326 726 1367; x_wconf 88' lang='lat' dir='ltr'>piscatores</span> <span class='ocrx_word' id='word_1_223' title='bbox 735 1326 860 1357; x_wconf 90' lang='lat' dir='ltr'>Panem</span> <span class='ocrx_word' id='word_1_224' title='bbox 871 1324 1039 1365; x_wconf 91' lang='lat' dir='ltr'>colebant,</span> <span class='ocrx_word' id='word_1_225' title='bbox 1061 1325 1150 1357; x_wconf 84' lang='lat' dir='ltr'>Suid.</span> <span class='ocrx_word' id='word_1_226' title='bbox 1161 1335 1186 1356; x_wconf 88' lang='lat' dir='ltr'>s.</span> <span class='ocrx_word' id='word_1_227' title='bbox 1197 1335 1227 1357; x_wconf 94' lang='lat' dir='ltr'>v.</span> <span class='ocrx_word' id='word_1_228' title='bbox 1238 1327 1447 1365; x_wconf 77' lang='grc' dir='ltr'><strong>ἁλίπλαγκτος.</strong></span> <span class='ocrx_word' id='word_1_229' title='bbox 1470 1326 1639 1368; x_wconf 86' lang='lat' dir='ltr'>Deinceps</span> 
     </span>
     <span class='ocr_line' id='line_1_26' title="bbox 167 1367 1638 1407; baseline -0.001 -6"><span class='ocrx_word' id='word_1_230' title='bbox 167 1379 249 1401; x_wconf 87' lang='lat' dir='ltr'>vero</span> <span class='ocrx_word' id='word_1_231' title='bbox 270 1369 342 1400; x_wconf 90' lang='lat' dir='ltr'>Pan</span> <span class='ocrx_word' id='word_1_232' title='bbox 364 1368 466 1400; x_wconf 85' lang='lat' dir='ltr'>etiam</span> <span class='ocrx_word' id='word_1_233' title='bbox 488 1368 579 1399; x_wconf 90' lang='lat' dir='ltr'>inter</span> <span class='ocrx_word' id='word_1_234' title='bbox 601 1367 682 1400; x_wconf 86' lang='lat' dir='ltr'>deos</span> <span class='ocrx_word' id='word_1_235' title='bbox 702 1368 853 1398; x_wconf 88' lang='lat' dir='ltr'>marinos</span> <span class='ocrx_word' id='word_1_236' title='bbox 876 1368 1033 1407; x_wconf 88' lang='lat' dir='ltr'>receptus</span> <span class='ocrx_word' id='word_1_237' title='bbox 1055 1368 1157 1406; x_wconf 86' lang='lat' dir='ltr'>atque</span> <span class='ocrx_word' id='word_1_238' title='bbox 1179 1370 1333 1406; x_wconf 73' lang='grc' dir='ltr'><strong><em>λιμενίιης</em></strong></span> <span class='ocrx_word' id='word_1_239' title='bbox 1353 1371 1492 1399; x_wconf 86' lang='lat' dir='ltr'>vocatus</span> <span class='ocrx_word' id='word_1_240' title='bbox 1514 1370 1573 1400; x_wconf 87' lang='lat' dir='ltr'>est.</span> <span class='ocrx_word' id='word_1_241' title='bbox 1595 1369 1638 1400; x_wconf 76' lang='lat' dir='ltr'>cf.</span> 
     </span>
     <span class='ocr_line' id='line_1_27' title="bbox 163 1407 1637 1450; baseline -0.001 -8"><span class='ocrx_word' id='word_1_242' title='bbox 163 1410 311 1442; x_wconf 87' lang='lat' dir='ltr'>Lobeck.</span> <span class='ocrx_word' id='word_1_243' title='bbox 333 1410 386 1442; x_wconf 86' lang='lat' dir='ltr'>ad.</span> <span class='ocrx_word' id='word_1_244' title='bbox 410 1409 510 1449; x_wconf 91' lang='lat' dir='ltr'>Soph.</span> <span class='ocrx_word' id='word_1_245' title='bbox 531 1410 584 1450; x_wconf 88' lang='lat' dir='ltr'>Aj.</span> <span class='ocrx_word' id='word_1_246' title='bbox 605 1410 676 1440; x_wconf 85' lang='lat'>694.</span> <span class='ocrx_word' id='word_1_247' title='bbox 697 1419 732 1449; x_wconf 90' lang='lat' dir='ltr'>p.</span> <span class='ocrx_word' id='word_1_248' title='bbox 755 1410 826 1439; x_wconf 88' lang='lat'>323.</span> <span class='ocrx_word' id='word_1_249' title='bbox 848 1418 896 1449; x_wconf 87' lang='lat' dir='ltr'>sq.</span> <span class='ocrx_word' id='word_1_250' title='bbox 929 1408 979 1440; x_wconf 88' lang='lat' dir='ltr'>ed.</span> <span class='ocrx_word' id='word_1_251' title='bbox 1000 1408 1025 1439; x_wconf 96' lang='lat' dir='ltr'>I.</span> <span class='ocrx_word' id='word_1_252' title='bbox 1047 1407 1138 1448; x_wconf 88' lang='lat' dir='ltr'>Lips.</span> <span class='ocrx_word' id='word_1_253' title='bbox 1161 1409 1252 1441; x_wconf 86' lang='lat'>1809.</span> <span class='ocrx_word' id='word_1_254' title='bbox 1299 1408 1501 1440; x_wconf 89' lang='lat' dir='ltr'>Nominatur</span> <span class='ocrx_word' id='word_1_255' title='bbox 1522 1412 1637 1441; x_wconf 88' lang='lat' dir='ltr'>autem</span> 
     </span>
     <span class='ocr_line' id='line_1_28' title="bbox 164 1448 1636 1491; baseline -0.001 -8"><span class='ocrx_word' id='word_1_256' title='bbox 164 1452 245 1483; x_wconf 84' lang='lat' dir='ltr'>deus</span> <span class='ocrx_word' id='word_1_257' title='bbox 276 1452 425 1483; x_wconf 87' lang='lat' dir='ltr'>marinus</span> <span class='ocrx_word' id='word_1_258' title='bbox 459 1450 561 1481; x_wconf 89' lang='lat' dir='ltr'>etiam</span> <span class='ocrx_word' id='word_1_259' title='bbox 593 1450 756 1491; x_wconf 84' lang='lat' dir='ltr'>Aegipan.</span> <span class='ocrx_word' id='word_1_260' title='bbox 799 1448 935 1480; x_wconf 81' lang='lat' dir='ltr'>Salmas.</span> <span class='ocrx_word' id='word_1_261' title='bbox 965 1458 1072 1481; x_wconf 85' lang='lat' dir='ltr'>exerc.</span> <span class='ocrx_word' id='word_1_262' title='bbox 1103 1448 1185 1481; x_wconf 90' lang='lat' dir='ltr'>Plin.</span> <span class='ocrx_word' id='word_1_263' title='bbox 1215 1459 1249 1489; x_wconf 90' lang='lat' dir='ltr'>p.</span> <span class='ocrx_word' id='word_1_264' title='bbox 1282 1451 1353 1480; x_wconf 79' lang='lat'>293.</span> <span class='ocrx_word' id='word_1_265' title='bbox 1395 1450 1549 1482; x_wconf 85' lang='lat' dir='ltr'>Pertinet</span> <span class='ocrx_word' id='word_1_266' title='bbox 1570 1451 1636 1483; x_wconf 88' lang='lat' dir='ltr'>huc</span> 
     </span>
     <span class='ocr_line' id='line_1_29' title="bbox 163 1490 1635 1534; baseline 0 -10"><span class='ocrx_word' id='word_1_267' title='bbox 163 1493 374 1534; x_wconf 82' lang='lat' dir='ltr'>epigramma</span> <span class='ocrx_word' id='word_1_268' title='bbox 393 1491 532 1523; x_wconf 90' lang='lat' dir='ltr'>Anthol.</span> <span class='ocrx_word' id='word_1_269' title='bbox 553 1491 660 1523; x_wconf 88' lang='lat' dir='ltr'>Palat.</span> <span class='ocrx_word' id='word_1_270' title='bbox 685 1492 738 1523; x_wconf 91' lang='lat' dir='ltr'>VI.</span> <span class='ocrx_word' id='word_1_271' title='bbox 763 1492 832 1523; x_wconf 79' lang='lat'>182.</span> <span class='ocrx_word' id='word_1_272' title='bbox 855 1492 891 1522; x_wconf 87' lang='lat' dir='ltr'>et</span> <span class='ocrx_word' id='word_1_273' title='bbox 910 1490 1012 1522; x_wconf 91' lang='lat' dir='ltr'>lectio</span> <span class='ocrx_word' id='word_1_274' title='bbox 1035 1490 1199 1531; x_wconf 84' lang='lat' dir='ltr'>quaedam</span> <span class='ocrx_word' id='word_1_275' title='bbox 1221 1490 1317 1524; x_wconf 91' lang='lat' dir='ltr'>Ovid.</span> <span class='ocrx_word' id='word_1_276' title='bbox 1340 1491 1412 1524; x_wconf 87' lang='lat' dir='ltr'>fast.</span> <span class='ocrx_word' id='word_1_277' title='bbox 1434 1492 1475 1524; x_wconf 87' lang='lat'>11.</span> <span class='ocrx_word' id='word_1_278' title='bbox 1493 1494 1564 1524; x_wconf 89' lang='lat'>277.</span> <span class='ocrx_word' id='word_1_279' title='bbox 1587 1502 1635 1525; x_wconf 90' lang='lat' dir='ltr'>se-</span> 
     </span>
     <span class='ocr_line' id='line_1_30' title="bbox 162 1532 1249 1575; baseline -0.003 -9"><span class='ocrx_word' id='word_1_280' title='bbox 162 1535 308 1567; x_wconf 84' lang='lat' dir='ltr'>cundum</span> <span class='ocrx_word' id='word_1_281' title='bbox 331 1544 431 1575; x_wconf 87' lang='lat' dir='ltr'>quam</span> <span class='ocrx_word' id='word_1_282' title='bbox 453 1543 515 1574; x_wconf 87' lang='lat' dir='ltr'>pro</span> <span class='ocrx_word' id='word_1_283' title='bbox 537 1542 662 1565; x_wconf 90' lang='lat' dir='ltr'>numen</span> <span class='ocrx_word' id='word_1_284' title='bbox 684 1534 845 1574; x_wconf 73' lang='lat' dir='ltr'>equarum</span> <span class='ocrx_word' id='word_1_285' title='bbox 866 1532 1001 1573; x_wconf 82' lang='lat' dir='ltr'>legitur.</span> <span class='ocrx_word' id='word_1_286' title='bbox 1021 1543 1054 1564; x_wconf 86' lang='lat' dir='ltr'>n.</span> <span class='ocrx_word' id='word_1_287' title='bbox 1077 1541 1249 1573; x_wconf 88' lang='lat' dir='ltr'>aquarum.</span> 
     </span>
    </p>

    <p class='ocr_par' dir='ltr' id='par_1_6' title="bbox 121 1570 1633 1698">
     <span class='ocr_line' id='line_1_31' title="bbox 121 1570 1633 1616; baseline -0.001 -8"><span class='ocrx_word' id='word_1_288' title='bbox 121 1576 142 1616; x_wconf 88' lang='lat'>¹)</span> <span class='ocrx_word' id='word_1_289' title='bbox 165 1576 276 1608; x_wconf 83' lang='lat' dir='ltr'>Schol.</span> <span class='ocrx_word' id='word_1_290' title='bbox 297 1576 416 1608; x_wconf 80' lang='lat' dir='ltr'>Aesch.</span> <span class='ocrx_word' id='word_1_291' title='bbox 437 1575 524 1606; x_wconf 80' lang='lat' dir='ltr'>Pers.</span> <span class='ocrx_word' id='word_1_292' title='bbox 553 1576 624 1606; x_wconf 86' lang='lat'>453.</span> <span class='ocrx_word' id='word_1_293' title='bbox 655 1578 779 1616; x_wconf 73' lang='grc' dir='ltr'><strong><em>ἐρήμοις</em></strong></span> <span class='ocrx_word' id='word_1_294' title='bbox 809 1577 866 1615; x_wconf 66' lang='lat' dir='ltr'>‘yde</span> <span class='ocrx_word' id='word_1_295' title='bbox 893 1577 1003 1609; x_wconf 78' lang='grc' dir='ltr'><em>τόποις</em></span> <span class='ocrx_word' id='word_1_296' title='bbox 1034 1570 1125 1609; x_wconf 61' lang='grc' dir='ltr'><em>οὗτος</em></span> <span class='ocrx_word' id='word_1_297' title='bbox 1156 1575 1175 1604; x_wconf 79' lang='lat' dir='ltr'>o‘</span> <span class='ocrx_word' id='word_1_298' title='bbox 1195 1577 1271 1608; x_wconf 73' lang='grc' dir='ltr'>θεὸς</span> <span class='ocrx_word' id='word_1_299' title='bbox 1292 1576 1493 1616; x_wconf 75' lang='grc' dir='ltr'><strong><em>ἐνδιατρίβειν</em></strong></span> <span class='ocrx_word' id='word_1_300' title='bbox 1520 1578 1633 1608; x_wconf 58' lang='lat' dir='ltr'>stuf-⁹25.</span> 
     </span>
     <span class='ocr_line' id='line_1_32' title="bbox 159 1614 1633 1657; baseline 0 -9"><span class='ocrx_word' id='word_1_301' title='bbox 159 1618 248 1657; x_wconf 84' lang='lat' dir='ltr'>hym.</span> <span class='ocrx_word' id='word_1_302' title='bbox 277 1618 378 1650; x_wconf 84' lang='lat' dir='ltr'>Hom.</span> <span class='ocrx_word' id='word_1_303' title='bbox 410 1617 446 1647; x_wconf 93' lang='lat' dir='ltr'>in</span> <span class='ocrx_word' id='word_1_304' title='bbox 480 1616 559 1647; x_wconf 87' lang='lat' dir='ltr'>Pan.</span> <span class='ocrx_word' id='word_1_305' title='bbox 591 1626 622 1647; x_wconf 90' lang='lat' dir='ltr'>v.</span> <span class='ocrx_word' id='word_1_306' title='bbox 652 1617 681 1647; x_wconf 89' lang='lat'>6.</span> <span class='ocrx_word' id='word_1_307' title='bbox 711 1616 800 1654; x_wconf 88' lang='lat' dir='ltr'>hym.</span> <span class='ocrx_word' id='word_1_308' title='bbox 833 1614 937 1655; x_wconf 85' lang='lat' dir='ltr'>Orph.</span> <span class='ocrx_word' id='word_1_309' title='bbox 968 1615 1024 1646; x_wconf 92' lang='lat' dir='ltr'>XI.</span> <span class='ocrx_word' id='word_1_310' title='bbox 1055 1616 1086 1646; x_wconf 88' lang='lat'>5.</span> <span class='ocrx_word' id='word_1_311' title='bbox 1117 1614 1226 1653; x_wconf 76' lang='lat' dir='ltr'>Quare</span> <span class='ocrx_word' id='word_1_312' title='bbox 1247 1616 1407 1656; x_wconf 77' lang='grc' dir='ltr'><em>ὀρειᾰρχης</em></span> <span class='ocrx_word' id='word_1_313' title='bbox 1428 1616 1633 1648; x_wconf 86' lang='lat' dir='ltr'>nominatur.</span> 
     </span>
     <span class='ocr_line' id='line_1_33' title="bbox 158 1656 809 1698; baseline -0.003 -9"><span class='ocrx_word' id='word_1_314' title='bbox 158 1658 315 1698; x_wconf 83' lang='lat' dir='ltr'>(Meinek.</span> <span class='ocrx_word' id='word_1_315' title='bbox 336 1657 464 1689; x_wconf 90' lang='lat' dir='ltr'>Anecd.</span> <span class='ocrx_word' id='word_1_316' title='bbox 487 1656 581 1688; x_wconf 87' lang='lat' dir='ltr'>Alex.</span> <span class='ocrx_word' id='word_1_317' title='bbox 631 1681 638 1688; x_wconf 90' lang='lat'>.</span> <span class='ocrx_word' id='word_1_318' title='bbox 659 1658 742 1695; x_wconf 92' lang='lat'>210.)</span> <span class='ocrx_word' id='word_1_319' title='bbox 806 1684 809 1686; x_wconf 95' lang='lat'>.</span> 
     </span>
    </p>

    <p class='ocr_par' dir='ltr' id='par_1_7' title="bbox 116 1697 1629 1864">
     <span class='ocr_line' id='line_1_34' title="bbox 116 1697 1629 1741; baseline -0.001 -9"><span class='ocrx_word' id='word_1_320' title='bbox 116 1700 139 1741; x_wconf 83' lang='lat'>²)</span> <span class='ocrx_word' id='word_1_321' title='bbox 162 1700 260 1741; x_wconf 87' lang='lat' dir='ltr'>Hym.</span> <span class='ocrx_word' id='word_1_322' title='bbox 282 1700 381 1732; x_wconf 88' lang='lat' dir='ltr'>Hom.</span> <span class='ocrx_word' id='word_1_323' title='bbox 403 1699 519 1731; x_wconf 81' lang='lat' dir='ltr'>XVIII.</span> <span class='ocrx_word' id='word_1_324' title='bbox 541 1700 570 1730; x_wconf 90' lang='lat'>6.</span> <span class='ocrx_word' id='word_1_325' title='bbox 628 1708 694 1730; x_wconf 87' lang='lat' dir='ltr'>aus.</span> <span class='ocrx_word' id='word_1_326' title='bbox 724 1698 810 1731; x_wconf 84' lang='lat' dir='ltr'>VIII.</span> <span class='ocrx_word' id='word_1_327' title='bbox 842 1699 891 1729; x_wconf 92' lang='lat'>42.</span> <span class='ocrx_word' id='word_1_328' title='bbox 913 1699 950 1735; x_wconf 77' lang='lat'>3;</span> <span class='ocrx_word' id='word_1_329' title='bbox 986 1699 1036 1729; x_wconf 84' lang='grc'>36.</span> <span class='ocrx_word' id='word_1_330' title='bbox 1067 1698 1105 1737; x_wconf 90' lang='grc'><strong>8;</strong></span> <span class='ocrx_word' id='word_1_331' title='bbox 1136 1699 1186 1728; x_wconf 83' lang='grc'>38.</span> <span class='ocrx_word' id='word_1_332' title='bbox 1216 1699 1262 1729; x_wconf 90' lang='grc'>11.</span> <span class='ocrx_word' id='word_1_333' title='bbox 1291 1697 1405 1738; x_wconf 81' lang='lat' dir='ltr'>Steph.</span> <span class='ocrx_word' id='word_1_334' title='bbox 1427 1698 1503 1739; x_wconf 88' lang='lat' dir='ltr'>Byz.</span> <span class='ocrx_word' id='word_1_335' title='bbox 1523 1709 1557 1740; x_wconf 88' lang='lat' dir='ltr'>p.</span> <span class='ocrx_word' id='word_1_336' title='bbox 1578 1701 1629 1732; x_wconf 87' lang='lat'>43.</span> 
     </span>
     <span class='ocr_line' id='line_1_35' title="bbox 156 1738 1629 1779; baseline -0.001 -6"><span class='ocrx_word' id='word_1_337' title='bbox 156 1742 258 1774; x_wconf 82' lang='lat' dir='ltr'>schol.</span> <span class='ocrx_word' id='word_1_338' title='bbox 292 1741 413 1773; x_wconf 85' lang='lat' dir='ltr'>Aesch.</span> <span class='ocrx_word' id='word_1_339' title='bbox 442 1740 531 1771; x_wconf 88' lang='lat' dir='ltr'>Pers.</span> <span class='ocrx_word' id='word_1_340' title='bbox 553 1741 623 1771; x_wconf 82' lang='lat'>453.</span> <span class='ocrx_word' id='word_1_341' title='bbox 657 1738 792 1779; x_wconf 88' lang='lat' dir='ltr'>Dionys.</span> <span class='ocrx_word' id='word_1_342' title='bbox 816 1739 923 1770; x_wconf 87' lang='lat' dir='ltr'>Halic.</span> <span class='ocrx_word' id='word_1_343' title='bbox 944 1739 982 1772; x_wconf 88' lang='lat' dir='ltr'>T.</span> <span class='ocrx_word' id='word_1_344' title='bbox 1003 1739 1042 1770; x_wconf 87' lang='lat' dir='ltr'>II.</span> <span class='ocrx_word' id='word_1_345' title='bbox 1062 1749 1095 1779; x_wconf 90' lang='lat' dir='ltr'>p.</span> <span class='ocrx_word' id='word_1_346' title='bbox 1117 1739 1167 1770; x_wconf 85' lang='lat'>59.</span> <span class='ocrx_word' id='word_1_347' title='bbox 1194 1738 1332 1770; x_wconf 87' lang='lat' dir='ltr'>Anthol.</span> <span class='ocrx_word' id='word_1_348' title='bbox 1361 1739 1453 1771; x_wconf 87' lang='lat' dir='ltr'>Plan.</span> <span class='ocrx_word' id='word_1_349' title='bbox 1480 1740 1535 1772; x_wconf 92' lang='lat' dir='ltr'>IV.</span> <span class='ocrx_word' id='word_1_350' title='bbox 1557 1743 1629 1772; x_wconf 90' lang='lat'>233.</span> 
     </span>
     <span class='ocr_line' id='line_1_36' title="bbox 154 1779 1628 1820; baseline -0.001 -6"><span class='ocrx_word' id='word_1_351' title='bbox 154 1783 278 1814; x_wconf 90' lang='lat' dir='ltr'>Tauch.</span> <span class='ocrx_word' id='word_1_352' title='bbox 301 1783 420 1814; x_wconf 88' lang='lat' dir='ltr'>Horat.</span> <span class='ocrx_word' id='word_1_353' title='bbox 442 1781 548 1812; x_wconf 89' lang='lat' dir='ltr'>Carm.</span> <span class='ocrx_word' id='word_1_354' title='bbox 569 1782 624 1812; x_wconf 94' lang='lat' dir='ltr'>IV.</span> <span class='ocrx_word' id='word_1_355' title='bbox 648 1782 696 1812; x_wconf 89' lang='lat'>12.</span> <span class='ocrx_word' id='word_1_356' title='bbox 720 1783 768 1811; x_wconf 94' lang='grc'>11.</span> <span class='ocrx_word' id='word_1_357' title='bbox 789 1780 892 1811; x_wconf 86' lang='lat' dir='ltr'>Rutil.</span> <span class='ocrx_word' id='word_1_358' title='bbox 912 1780 990 1812; x_wconf 90' lang='lat' dir='ltr'>Itin.</span> <span class='ocrx_word' id='word_1_359' title='bbox 1011 1780 1034 1811; x_wconf 94' lang='lat' dir='ltr'>I.</span> <span class='ocrx_word' id='word_1_360' title='bbox 1056 1781 1128 1811; x_wconf 84' lang='lat'>232.</span> <span class='ocrx_word' id='word_1_361' title='bbox 1148 1779 1265 1820; x_wconf 84' lang='lat' dir='ltr'>Eurip.</span> <span class='ocrx_word' id='word_1_362' title='bbox 1288 1780 1389 1812; x_wconf 90' lang='lat' dir='ltr'>Bach.</span> <span class='ocrx_word' id='word_1_363' title='bbox 1406 1781 1476 1813; x_wconf 86' lang='lat'>951.</span> <span class='ocrx_word' id='word_1_364' title='bbox 1489 1781 1628 1816; x_wconf 86' lang='lat' dir='ltr'>Lucian.</span> 
     </span>
     <span class='ocr_line' id='line_1_37' title="bbox 153 1821 1554 1864; baseline 0 -9"><span class='ocrx_word' id='word_1_365' title='bbox 153 1824 230 1856; x_wconf 87' lang='lat' dir='ltr'>dial.</span> <span class='ocrx_word' id='word_1_366' title='bbox 256 1824 349 1857; x_wconf 89' lang='lat' dir='ltr'>deor.</span> <span class='ocrx_word' id='word_1_367' title='bbox 370 1823 472 1857; x_wconf 90' lang='lat' dir='ltr'>XXII.</span> <span class='ocrx_word' id='word_1_368' title='bbox 495 1824 523 1855; x_wconf 90' lang='lat'>3.</span> <span class='ocrx_word' id='word_1_369' title='bbox 545 1823 644 1864; x_wconf 84' lang='lat' dir='ltr'>Verg.</span> <span class='ocrx_word' id='word_1_370' title='bbox 667 1822 786 1862; x_wconf 88' lang='lat' dir='ltr'>Eclog.</span> <span class='ocrx_word' id='word_1_371' title='bbox 810 1821 851 1853; x_wconf 93' lang='grc' dir='ltr'>Π.</span> <span class='ocrx_word' id='word_1_372' title='bbox 873 1823 924 1856; x_wconf 85' lang='grc'>31.</span> <span class='ocrx_word' id='word_1_373' title='bbox 947 1821 1068 1862; x_wconf 83' lang='lat' dir='ltr'>Georg.</span> <span class='ocrx_word' id='word_1_374' title='bbox 1088 1822 1128 1854; x_wconf 95' lang='lat' dir='ltr'>II.</span> <span class='ocrx_word' id='word_1_375' title='bbox 1151 1822 1223 1853; x_wconf 82' lang='lat'>493.</span> <span class='ocrx_word' id='word_1_376' title='bbox 1245 1821 1378 1855; x_wconf 87' lang='lat' dir='ltr'>Lucret.</span> <span class='ocrx_word' id='word_1_377' title='bbox 1402 1822 1453 1855; x_wconf 90' lang='lat' dir='ltr'>IV.</span> <span class='ocrx_word' id='word_1_378' title='bbox 1481 1825 1554 1855; x_wconf 87' lang='lat'>581.</span> 
     </span>
    </p>

    <p class='ocr_par' dir='ltr' id='par_1_8' title="bbox 114 1863 1628 2156">
     <span class='ocr_line' id='line_1_38' title="bbox 114 1863 1627 1906; baseline -0.001 -9"><span class='ocrx_word' id='word_1_379' title='bbox 114 1865 137 1906; x_wconf 78' lang='lat'>³)</span> <span class='ocrx_word' id='word_1_380' title='bbox 160 1865 269 1905; x_wconf 80' lang='lat' dir='ltr'>Quare</span> <span class='ocrx_word' id='word_1_381' title='bbox 291 1865 395 1897; x_wconf 84' lang='lat' dir='ltr'>subiti</span> <span class='ocrx_word' id='word_1_382' title='bbox 416 1867 564 1896; x_wconf 89' lang='lat' dir='ltr'>terrores</span> <span class='ocrx_word' id='word_1_383' title='bbox 588 1867 711 1896; x_wconf 79' lang='grc' dir='ltr'><strong><em>πανικοὶ</em></strong></span> <span class='ocrx_word' id='word_1_384' title='bbox 732 1863 847 1895; x_wconf 89' lang='lat' dir='ltr'>vocari</span> <span class='ocrx_word' id='word_1_385' title='bbox 873 1863 965 1894; x_wconf 86' lang='lat' dir='ltr'>soliti</span> <span class='ocrx_word' id='word_1_386' title='bbox 995 1865 1082 1894; x_wconf 90' lang='lat' dir='ltr'>sunt.</span> <span class='ocrx_word' id='word_1_387' title='bbox 1125 1863 1221 1894; x_wconf 87' lang='lat' dir='ltr'>Paus.</span> <span class='ocrx_word' id='word_1_388' title='bbox 1241 1863 1283 1897; x_wconf 87' lang='lat' dir='ltr'>X.</span> <span class='ocrx_word' id='word_1_389' title='bbox 1303 1866 1353 1896; x_wconf 87' lang='lat'>23.</span> <span class='ocrx_word' id='word_1_390' title='bbox 1376 1866 1405 1895; x_wconf 88' lang='lat'>5.</span> <span class='ocrx_word' id='word_1_391' title='bbox 1427 1868 1464 1896; x_wconf 72' lang='grc' dir='ltr'>τὰ</span> <span class='ocrx_word' id='word_1_392' title='bbox 1485 1868 1541 1905; x_wconf 66' lang='grc' dir='ltr'>γάρ</span> <span class='ocrx_word' id='word_1_393' title='bbox 1563 1867 1627 1898; x_wconf 71' lang='lat' dir='ltr'>dno*</span> 
     </span>
     <span class='ocr_line' id='line_1_39' title="bbox 153 1904 1628 1948; baseline 0 -10"><span class='ocrx_word' id='word_1_394' title='bbox 153 1911 248 1943; x_wconf 80' lang='grc' dir='ltr'><strong><em>αἰτίας</em></strong></span> <span class='ocrx_word' id='word_1_395' title='bbox 279 1909 430 1945; x_wconf 72' lang='grc' dir='ltr'>οὐδεμιᾶς</span> <span class='ocrx_word' id='word_1_396' title='bbox 465 1910 593 1944; x_wconf 77' lang='grc' dir='ltr'><strong><em>δείματα</em></strong></span> <span class='ocrx_word' id='word_1_397' title='bbox 615 1907 649 1936; x_wconf 79' lang='grc' dir='ltr'>ἐκ</span> <span class='ocrx_word' id='word_1_398' title='bbox 671 1907 771 1940; x_wconf 85' lang='grc' dir='ltr'><strong><em>Πανός</em></strong></span> <span class='ocrx_word' id='word_1_399' title='bbox 793 1916 865 1946; x_wconf 76' lang='grc' dir='ltr'><strong><em>φασι</em></strong></span> <span class='ocrx_word' id='word_1_400' title='bbox 885 1907 1036 1944; x_wconf 76' lang='grc' dir='ltr'><strong>γε’νεσθαι.</strong></span> <span class='ocrx_word' id='word_1_401' title='bbox 1081 1904 1122 1936; x_wconf 81' lang='lat' dir='ltr'>ef.</span> <span class='ocrx_word' id='word_1_402' title='bbox 1142 1904 1234 1936; x_wconf 76' lang='lat' dir='ltr'>Suffl.</span> <span class='ocrx_word' id='word_1_403' title='bbox 1255 1914 1279 1936; x_wconf 75' lang='grc' dir='ltr'>ε.</span> <span class='ocrx_word' id='word_1_404' title='bbox 1300 1914 1331 1939; x_wconf 82' lang='lat' dir='ltr'>V.</span> <span class='ocrx_word' id='word_1_405' title='bbox 1354 1909 1476 1948; x_wconf 83' lang='grc' dir='ltr'><strong><em>Πανικῷ</em></strong></span> <span class='ocrx_word' id='word_1_406' title='bbox 1497 1910 1628 1947; x_wconf 74' lang='grc' dir='ltr'><strong>δείματι.</strong></span> 
     </span>
     <span class='ocr_line' id='line_1_40' title="bbox 151 1945 1627 1990; baseline 0.001 -10"><span class='ocrx_word' id='word_1_407' title='bbox 151 1948 305 1990; x_wconf 80' lang='lat' dir='ltr'>Hyginus</span> <span class='ocrx_word' id='word_1_408' title='bbox 326 1948 415 1988; x_wconf 62' lang='lat' dir='ltr'>Astr.</span> <span class='ocrx_word' id='word_1_409' title='bbox 437 1948 489 1981; x_wconf 83' lang='grc'>28.</span> <span class='ocrx_word' id='word_1_410' title='bbox 510 1957 543 1988; x_wconf 93' lang='lat' dir='ltr'>p.</span> <span class='ocrx_word' id='word_1_411' title='bbox 565 1948 636 1979; x_wconf 83' lang='lat'>480.</span> <span class='ocrx_word' id='word_1_412' title='bbox 660 1945 750 1978; x_wconf 89' lang='lat' dir='ltr'>Stav.</span> <span class='ocrx_word' id='word_1_413' title='bbox 771 1946 930 1978; x_wconf 90' lang='lat' dir='ltr'>timorem</span> <span class='ocrx_word' id='word_1_414' title='bbox 953 1945 1113 1978; x_wconf 88' lang='lat' dir='ltr'>Panicum</span> <span class='ocrx_word' id='word_1_415' title='bbox 1134 1949 1292 1979; x_wconf 85' lang='lat' dir='ltr'>vocatum</span> <span class='ocrx_word' id='word_1_416' title='bbox 1315 1956 1386 1979; x_wconf 90' lang='lat' dir='ltr'>esse</span> <span class='ocrx_word' id='word_1_417' title='bbox 1414 1957 1457 1980; x_wconf 82' lang='lat' dir='ltr'>ex</span> <span class='ocrx_word' id='word_1_418' title='bbox 1489 1958 1528 1980; x_wconf 88' lang='lat' dir='ltr'>eo</span> <span class='ocrx_word' id='word_1_419' title='bbox 1551 1959 1627 1982; x_wconf 90' lang='lat' dir='ltr'>cen-</span> 
     </span>
     <span class='ocr_line' id='line_1_41' title="bbox 150 1988 1626 2031; baseline 0 -9"><span class='ocrx_word' id='word_1_420' title='bbox 150 1994 212 2028; x_wconf 85' lang='lat' dir='ltr'>set,</span> <span class='ocrx_word' id='word_1_421' title='bbox 236 1990 328 2031; x_wconf 87' lang='lat' dir='ltr'>quod</span> <span class='ocrx_word' id='word_1_422' title='bbox 350 2000 452 2030; x_wconf 92' lang='lat' dir='ltr'>quum</span> <span class='ocrx_word' id='word_1_423' title='bbox 474 1988 609 2029; x_wconf 88' lang='lat' dir='ltr'>Jupiter</span> <span class='ocrx_word' id='word_1_424' title='bbox 629 1989 768 2020; x_wconf 86' lang='lat' dir='ltr'>Titanos</span> <span class='ocrx_word' id='word_1_425' title='bbox 790 1998 880 2029; x_wconf 90' lang='lat' dir='ltr'>oppu</span> <span class='ocrx_word' id='word_1_426' title='bbox 931 1990 1020 2027; x_wconf 86' lang='lat' dir='ltr'>aret,</span> <span class='ocrx_word' id='word_1_427' title='bbox 1052 1988 1123 2020; x_wconf 90' lang='lat' dir='ltr'>Pan</span> <span class='ocrx_word' id='word_1_428' title='bbox 1142 1988 1270 2029; x_wconf 82' lang='lat' dir='ltr'>primus</span> <span class='ocrx_word' id='word_1_429' title='bbox 1292 1988 1446 2021; x_wconf 87' lang='lat' dir='ltr'>hostibus</span> <span class='ocrx_word' id='word_1_430' title='bbox 1467 1989 1626 2022; x_wconf 87' lang='lat' dir='ltr'>timorem</span> 
     </span>
     <span class='ocr_line' id='line_1_42' title="bbox 152 2029 1625 2073; baseline 0.001 -10"><span class='ocrx_word' id='word_1_431' title='bbox 152 2031 327 2071; x_wconf 90' lang='lat' dir='ltr'>objecerit.</span> <span class='ocrx_word' id='word_1_432' title='bbox 350 2031 391 2063; x_wconf 85' lang='lat' dir='ltr'>cf.</span> <span class='ocrx_word' id='word_1_433' title='bbox 413 2031 515 2063; x_wconf 82' lang='lat' dir='ltr'>schol.</span> <span class='ocrx_word' id='word_1_434' title='bbox 530 2030 645 2070; x_wconf 86' lang='lat' dir='ltr'>Eurip.</span> <span class='ocrx_word' id='word_1_435' title='bbox 666 2029 754 2061; x_wconf 89' lang='lat' dir='ltr'>Med.</span> <span class='ocrx_word' id='word_1_436' title='bbox 779 2031 869 2061; x_wconf 90' lang='lat'>1172.</span> <span class='ocrx_word' id='word_1_437' title='bbox 912 2029 1004 2062; x_wconf 87' lang='lat' dir='ltr'>useb.</span> <span class='ocrx_word' id='word_1_438' title='bbox 1019 2029 1138 2070; x_wconf 89' lang='lat' dir='ltr'>Praep.</span> <span class='ocrx_word' id='word_1_439' title='bbox 1153 2039 1262 2070; x_wconf 87' lang='lat' dir='ltr'>evang·</span> <span class='ocrx_word' id='word_1_440' title='bbox 1285 2030 1342 2063; x_wconf 90' lang='lat'>111.</span> <span class='ocrx_word' id='word_1_441' title='bbox 1357 2032 1405 2062; x_wconf 93' lang='grc'>14.</span> <span class='ocrx_word' id='word_1_442' title='bbox 1425 2030 1523 2062; x_wconf 85' lang='lat' dir='ltr'>Plato</span> <span class='ocrx_word' id='word_1_443' title='bbox 1534 2031 1625 2073; x_wconf 84' lang='lat' dir='ltr'>legg.</span> 
     </span>
     <span class='ocr_line' id='line_1_43' title="bbox 148 2070 1624 2106; baseline 0.001 -2"><span class='ocrx_word' id='word_1_444' title='bbox 148 2074 218 2105; x_wconf 91' lang='lat' dir='ltr'>VII.</span> <span class='ocrx_word' id='word_1_445' title='bbox 249 2074 320 2105; x_wconf 87' lang='grc'><strong>815.</strong></span> <span class='ocrx_word' id='word_1_446' title='bbox 343 2073 381 2104; x_wconf 91' lang='lat' dir='ltr'>A.</span> <span class='ocrx_word' id='word_1_447' title='bbox 423 2074 457 2103; x_wconf 86' lang='lat' dir='ltr'>et</span> <span class='ocrx_word' id='word_1_448' title='bbox 490 2071 533 2103; x_wconf 85' lang='lat' dir='ltr'>ad</span> <span class='ocrx_word' id='word_1_449' title='bbox 562 2071 682 2105; x_wconf 85' lang='lat' dir='ltr'>Horat.</span> <span class='ocrx_word' id='word_1_450' title='bbox 713 2080 815 2103; x_wconf 86' lang='lat' dir='ltr'>carm.</span> <span class='ocrx_word' id='word_1_451' title='bbox 839 2073 867 2102; x_wconf 95' lang='grc'>1.</span> <span class='ocrx_word' id='word_1_452' title='bbox 889 2072 939 2102; x_wconf 89' lang='lat'>37.</span> <span class='ocrx_word' id='word_1_453' title='bbox 962 2073 1008 2103; x_wconf 84' lang='grc'>14.</span> <span class='ocrx_word' id='word_1_454' title='bbox 1029 2073 1099 2104; x_wconf 93' lang='lat' dir='ltr'>not.</span> <span class='ocrx_word' id='word_1_455' title='bbox 1120 2070 1375 2104; x_wconf 84' lang='lat' dir='ltr'>Mitscherlichii</span> <span class='ocrx_word' id='word_1_456' title='bbox 1396 2072 1439 2105; x_wconf 88' lang='lat' dir='ltr'>de</span> <span class='ocrx_word' id='word_1_457' title='bbox 1459 2074 1624 2106; x_wconf 87' lang='lat' dir='ltr'>vocabulo</span> 
     </span>
     <span class='ocr_line' id='line_1_44' title="bbox 148 2112 1166 2156; baseline -0.002 -9"><span class='ocrx_word' id='word_1_458' title='bbox 148 2114 351 2156; x_wconf 86' lang='lat' dir='ltr'>lymphatus.</span> <span class='ocrx_word' id='word_1_459' title='bbox 374 2115 411 2146; x_wconf 89' lang='lat' dir='ltr'>T.</span> <span class='ocrx_word' id='word_1_460' title='bbox 432 2114 455 2146; x_wconf 95' lang='lat' dir='ltr'>I.</span> <span class='ocrx_word' id='word_1_461' title='bbox 478 2124 511 2154; x_wconf 89' lang='lat' dir='ltr'>p.</span> <span class='ocrx_word' id='word_1_462' title='bbox 535 2114 605 2145; x_wconf 89' lang='grc'><strong>338.</strong></span> <span class='ocrx_word' id='word_1_463' title='bbox 628 2112 670 2145; x_wconf 81' lang='lat' dir='ltr'>cf.</span> <span class='ocrx_word' id='word_1_464' title='bbox 693 2113 814 2154; x_wconf 70' lang='lat' dir='ltr'>Zoega.</span> <span class='ocrx_word' id='word_1_465' title='bbox 834 2112 958 2144; x_wconf 86' lang='lat' dir='ltr'>Basrel.</span> <span class='ocrx_word' id='word_1_466' title='bbox 979 2112 1020 2144; x_wconf 91' lang='grc' dir='ltr'>ΙΙ.</span> <span class='ocrx_word' id='word_1_467' title='bbox 1040 2123 1073 2153; x_wconf 91' lang='lat' dir='ltr'>p.</span> <span class='ocrx_word' id='word_1_468' title='bbox 1097 2114 1166 2145; x_wconf 87' lang='grc'><strong>146.</strong></span> 
     </span>
    </p>

    <p class='ocr_par' dir='ltr' id='par_1_9' title="bbox 141 2153 1625 2407">
     <span class='ocr_line' id='line_1_45' title="bbox 230 2153 1625 2196; baseline 0 -8"><span class='ocrx_word' id='word_1_469' title='bbox 230 2156 414 2196; x_wconf 86' lang='lat' dir='ltr'>Praecipue</span> <span class='ocrx_word' id='word_1_470' title='bbox 436 2158 549 2186; x_wconf 89' lang='lat' dir='ltr'>autem</span> <span class='ocrx_word' id='word_1_471' title='bbox 570 2156 676 2186; x_wconf 88' lang='lat' dir='ltr'>noctu</span> <span class='ocrx_word' id='word_1_472' title='bbox 696 2155 822 2186; x_wconf 88' lang='lat' dir='ltr'>Panem</span> <span class='ocrx_word' id='word_1_473' title='bbox 843 2153 961 2194; x_wconf 87' lang='lat' dir='ltr'>vagari</span> <span class='ocrx_word' id='word_1_474' title='bbox 982 2157 1017 2185; x_wconf 89' lang='lat' dir='ltr'>et</span> <span class='ocrx_word' id='word_1_475' title='bbox 1037 2156 1184 2186; x_wconf 84' lang='lat' dir='ltr'>terrores</span> <span class='ocrx_word' id='word_1_476' title='bbox 1204 2154 1357 2186; x_wconf 88' lang='lat' dir='ltr'>incutere</span> <span class='ocrx_word' id='word_1_477' title='bbox 1376 2156 1508 2187; x_wconf 84' lang='lat' dir='ltr'>veteres</span> <span class='ocrx_word' id='word_1_478' title='bbox 1527 2158 1625 2196; x_wconf 83' lang='lat' dir='ltr'>puta-</span> 
     </span>
     <span class='ocr_line' id='line_1_46' title="bbox 146 2195 1622 2238; baseline 0.001 -9"><span class='ocrx_word' id='word_1_479' title='bbox 146 2198 241 2229; x_wconf 87' lang='lat' dir='ltr'>bant.</span> <span class='ocrx_word' id='word_1_480' title='bbox 265 2197 307 2229; x_wconf 84' lang='lat' dir='ltr'>cf.</span> <span class='ocrx_word' id='word_1_481' title='bbox 330 2197 414 2229; x_wconf 88' lang='lat' dir='ltr'>Stat.</span> <span class='ocrx_word' id='word_1_482' title='bbox 437 2196 543 2228; x_wconf 90' lang='lat' dir='ltr'>Theb.</span> <span class='ocrx_word' id='word_1_483' title='bbox 565 2196 621 2227; x_wconf 91' lang='lat'>111.</span> <span class='ocrx_word' id='word_1_484' title='bbox 643 2197 724 2236; x_wconf 81' lang='lat'>480;</span> <span class='ocrx_word' id='word_1_485' title='bbox 761 2195 821 2226; x_wconf 77' lang='lat' dir='ltr'>ubi</span> <span class='ocrx_word' id='word_1_486' title='bbox 853 2205 892 2226; x_wconf 90' lang='lat' dir='ltr'>ea</span> <span class='ocrx_word' id='word_1_487' title='bbox 920 2195 963 2226; x_wconf 87' lang='lat' dir='ltr'>de</span> <span class='ocrx_word' id='word_1_488' title='bbox 994 2204 1093 2227; x_wconf 83' lang='lat' dir='ltr'>causa</span> <span class='ocrx_word' id='word_1_489' title='bbox 1112 2197 1298 2227; x_wconf 90' lang='lat' dir='ltr'>nocturnus</span> <span class='ocrx_word' id='word_1_490' title='bbox 1318 2196 1390 2227; x_wconf 86' lang='lat' dir='ltr'>Pan</span> <span class='ocrx_word' id='word_1_491' title='bbox 1410 2196 1622 2238; x_wconf 81' lang='lat' dir='ltr'>nominatur3</span> 
     </span>
     <span class='ocr_line' id='line_1_47' title="bbox 146 2236 1623 2279; baseline 0.001 -9"><span class='ocrx_word' id='word_1_492' title='bbox 146 2241 182 2270; x_wconf 89' lang='lat' dir='ltr'>et</span> <span class='ocrx_word' id='word_1_493' title='bbox 199 2239 285 2271; x_wconf 88' lang='lat' dir='ltr'>Plin.</span> <span class='ocrx_word' id='word_1_494' title='bbox 307 2249 340 2271; x_wconf 87' lang='lat' dir='ltr'>n.</span> <span class='ocrx_word' id='word_1_495' title='bbox 362 2238 394 2269; x_wconf 92' lang='lat' dir='ltr'>h.</span> <span class='ocrx_word' id='word_1_496' title='bbox 414 2238 514 2270; x_wconf 92' lang='lat' dir='ltr'>XXV.</span> <span class='ocrx_word' id='word_1_497' title='bbox 537 2239 565 2269; x_wconf 87' lang='lat'>4.</span> <span class='ocrx_word' id='word_1_498' title='bbox 587 2237 647 2269; x_wconf 88' lang='lat' dir='ltr'>ubi</span> <span class='ocrx_word' id='word_1_499' title='bbox 668 2236 807 2269; x_wconf 87' lang='lat' dir='ltr'>herbam</span> <span class='ocrx_word' id='word_1_500' title='bbox 818 2236 999 2269; x_wconf 85' lang='lat' dir='ltr'>Paeoniam</span> <span class='ocrx_word' id='word_1_501' title='bbox 1017 2238 1052 2268; x_wconf 88' lang='lat' dir='ltr'>et</span> <span class='ocrx_word' id='word_1_502' title='bbox 1062 2236 1255 2269; x_wconf 88' lang='lat' dir='ltr'>Faunorum</span> <span class='ocrx_word' id='word_1_503' title='bbox 1275 2238 1312 2269; x_wconf 89' lang='lat' dir='ltr'>in</span> <span class='ocrx_word' id='word_1_504' title='bbox 1333 2237 1447 2279; x_wconf 79' lang='lat' dir='ltr'>quiete</span> <span class='ocrx_word' id='word_1_505' title='bbox 1467 2238 1623 2272; x_wconf 83' lang='lat' dir='ltr'>ludibriis</span> 
     </span>
     <span class='ocr_line' id='line_1_48' title="bbox 144 2277 1622 2321; baseline 0.001 -9"><span class='ocrx_word' id='word_1_506' title='bbox 144 2281 274 2312; x_wconf 89' lang='lat' dir='ltr'>mederi</span> <span class='ocrx_word' id='word_1_507' title='bbox 295 2280 448 2321; x_wconf 82' lang='lat' dir='ltr'>legimus.</span> <span class='ocrx_word' id='word_1_508' title='bbox 490 2280 699 2320; x_wconf 77' lang='lat' dir='ltr'>Magnopere</span> <span class='ocrx_word' id='word_1_509' title='bbox 721 2280 832 2310; x_wconf 88' lang='lat' dir='ltr'>autem</span> <span class='ocrx_word' id='word_1_510' title='bbox 854 2278 925 2310; x_wconf 86' lang='lat' dir='ltr'>Pan</span> <span class='ocrx_word' id='word_1_511' title='bbox 947 2277 1010 2309; x_wconf 89' lang='lat' dir='ltr'>hac</span> <span class='ocrx_word' id='word_1_512' title='bbox 1031 2278 1195 2318; x_wconf 87' lang='lat' dir='ltr'>qualitate</span> <span class='ocrx_word' id='word_1_513' title='bbox 1216 2280 1375 2311; x_wconf 87' lang='lat' dir='ltr'>convenit</span> <span class='ocrx_word' id='word_1_514' title='bbox 1388 2289 1463 2311; x_wconf 90' lang='lat' dir='ltr'>cum</span> <span class='ocrx_word' id='word_1_515' title='bbox 1484 2283 1622 2314; x_wconf 86' lang='lat' dir='ltr'>nostrae</span> 
     </span>
     <span class='ocr_line' id='line_1_49' title="bbox 144 2319 1622 2360; baseline 0.001 -7"><span class='ocrx_word' id='word_1_516' title='bbox 144 2322 279 2353; x_wconf 87' lang='lat' dir='ltr'>fabulae</span> <span class='ocrx_word' id='word_1_517' title='bbox 301 2321 535 2360; x_wconf 88' lang='lat' dir='ltr'>daemonibus,</span> <span class='ocrx_word' id='word_1_518' title='bbox 558 2322 597 2351; x_wconf 91' lang='lat' dir='ltr'>ut</span> <span class='ocrx_word' id='word_1_519' title='bbox 619 2330 695 2351; x_wconf 90' lang='lat' dir='ltr'>cum</span> <span class='ocrx_word' id='word_1_520' title='bbox 716 2323 879 2351; x_wconf 89' lang='lat' dir='ltr'>venatore</span> <span class='ocrx_word' id='word_1_521' title='bbox 901 2319 1013 2351; x_wconf 87' lang='lat' dir='ltr'>feroce</span> <span class='ocrx_word' id='word_1_522' title='bbox 1035 2329 1133 2359; x_wconf 89' lang='lat' dir='ltr'>quem</span> <span class='ocrx_word' id='word_1_523' title='bbox 1155 2319 1292 2358; x_wconf 88' lang='lat' dir='ltr'>dicunt,</span> <span class='ocrx_word' id='word_1_524' title='bbox 1325 2324 1426 2360; x_wconf 81' lang='lat' dir='ltr'>atque</span> <span class='ocrx_word' id='word_1_525' title='bbox 1456 2321 1622 2355; x_wconf 88' lang='lat' dir='ltr'>daemone</span> 
     </span>
     <span class='ocr_line' id='line_1_50' title="bbox 141 2360 1621 2407; baseline 0.002 -14"><span class='ocrx_word' id='word_1_526' title='bbox 141 2363 329 2402; x_wconf 88' lang='lat' dir='ltr'>montium,</span> <span class='ocrx_word' id='word_1_527' title='bbox 354 2371 454 2403; x_wconf 89' lang='lat' dir='ltr'>quem</span> <span class='ocrx_word' id='word_1_528' title='bbox 475 2361 666 2393; x_wconf 83' lang='lat' dir='ltr'>Ruebezahl</span> <span class='ocrx_word' id='word_1_529' title='bbox 688 2371 808 2393; x_wconf 86' lang='lat' dir='ltr'>vocare</span> <span class='ocrx_word' id='word_1_530' title='bbox 833 2361 987 2393; x_wconf 88' lang='lat' dir='ltr'>solemus.</span> <span class='ocrx_word' id='word_1_531' title='bbox 1012 2361 1053 2393; x_wconf 76' lang='lat' dir='ltr'>ct.</span> <span class='ocrx_word' id='word_1_532' title='bbox 1076 2360 1216 2394; x_wconf 86' lang='lat' dir='ltr'>Menzel.</span> <span class='ocrx_word' id='word_1_533' title='bbox 1245 2361 1418 2394; x_wconf 82' lang='lat' dir='ltr'>Deutsche</span> <span class='ocrx_word' id='word_1_534' title='bbox 1438 2362 1621 2407; x_wconf 75' lang='lat' dir='ltr'>Dichtung.</span> 
     </span>
    </p>
   </div>
   <div class='ocr_carea' id='block_1_5' title="bbox 98 2405 1472 2500">
    <p class='ocr_par' dir='ltr' id='par_1_10' title="bbox 98 2405 1472 2500">
     <span class='ocr_line' id='line_1_51' title="bbox 141 2405 1364 2436; baseline -0.002 -1"><span class='ocrx_word' id='word_1_535' title='bbox 141 2405 179 2436; x_wconf 92' lang='lat' dir='ltr'>T.</span> <span class='ocrx_word' id='word_1_536' title='bbox 204 2406 232 2436; x_wconf 91' lang='lat'>1.</span> <span class='ocrx_word' id='word_1_537' title='bbox 280 2405 368 2436; x_wconf 93' lang='lat' dir='ltr'>.l20.</span> <span class='ocrx_word' id='word_1_538' title='bbox 1362 2431 1364 2433; x_wconf 91' lang='lat'>.</span> 
     </span>
     <span class='ocr_line' id='line_1_52' title="bbox 98 2414 1472 2500; baseline 0 -8"><span class='ocrx_word' id='word_1_539' title='bbox 98 2461 123 2500; x_wconf 70' lang='grc'>4)</span> <span class='ocrx_word' id='word_1_540' title='bbox 145 2414 295 2493; x_wconf 53' lang='grc' dir='ltr'><strong>Ιιοῦεοῗς.</strong></span> <span class='ocrx_word' id='word_1_541' title='bbox 316 2459 484 2500; x_wconf 86' lang='lat' dir='ltr'>Aglaoph.</span> <span class='ocrx_word' id='word_1_542' title='bbox 506 2469 539 2499; x_wconf 90' lang='lat' dir='ltr'>p.</span> <span class='ocrx_word' id='word_1_543' title='bbox 559 2460 630 2491; x_wconf 89' lang='grc'><strong>640.</strong></span> <span class='ocrx_word' id='word_1_544' title='bbox 652 2458 693 2490; x_wconf 85' lang='lat' dir='ltr'>cf.</span> <span class='ocrx_word' id='word_1_545' title='bbox 715 2458 881 2500; x_wconf 74' lang='lat' dir='ltr'>Bettiger.</span> <span class='ocrx_word' id='word_1_546' title='bbox 902 2458 1004 2489; x_wconf 90' lang='lat' dir='ltr'>Ideen</span> <span class='ocrx_word' id='word_1_547' title='bbox 1025 2469 1051 2489; x_wconf 88' lang='lat' dir='ltr'>z.</span> <span class='ocrx_word' id='word_1_548' title='bbox 1073 2458 1224 2491; x_wconf 87' lang='lat' dir='ltr'>Kunstm.</span> <span class='ocrx_word' id='word_1_549' title='bbox 1246 2459 1284 2491; x_wconf 90' lang='lat' dir='ltr'>T.</span> <span class='ocrx_word' id='word_1_550' title='bbox 1306 2459 1345 2491; x_wconf 94' lang='grc' dir='ltr'>Π.</span> <span class='ocrx_word' id='word_1_551' title='bbox 1366 2469 1399 2500; x_wconf 92' lang='lat' dir='ltr'>p.</span> <span class='ocrx_word' id='word_1_552' title='bbox 1420 2460 1472 2492; x_wconf 90' lang='lat'>84.</span> 
     </span>
    </p>
   </div>
   <div class='ocr_carea' id='block_1_6' title="bbox 99 2515 1620 2807">
    <p class='ocr_par' dir='ltr' id='par_1_11' title="bbox 99 2515 1620 2807">
     <span class='ocr_line' id='line_1_53' title="bbox 99 2515 1619 2560; baseline 0.001 -11"><span class='ocrx_word' id='word_1_553' title='bbox 99 2517 122 2560; x_wconf 86' lang='lat'>⁵)</span> <span class='ocrx_word' id='word_1_554' title='bbox 145 2516 317 2549; x_wconf 87' lang='lat' dir='ltr'>Theocrit.</span> <span class='ocrx_word' id='word_1_555' title='bbox 339 2516 388 2550; x_wconf 88' lang='lat' dir='ltr'>Id.</span> <span class='ocrx_word' id='word_1_556' title='bbox 412 2518 440 2549; x_wconf 95' lang='grc'>1.</span> <span class='ocrx_word' id='word_1_557' title='bbox 467 2517 514 2549; x_wconf 90' lang='grc'>16.</span> <span class='ocrx_word' id='word_1_558' title='bbox 537 2515 632 2549; x_wconf 89' lang='lat' dir='ltr'>Ovid.</span> <span class='ocrx_word' id='word_1_559' title='bbox 656 2515 732 2548; x_wconf 87' lang='lat' dir='ltr'>fast.</span> <span class='ocrx_word' id='word_1_560' title='bbox 752 2516 805 2549; x_wconf 91' lang='lat' dir='ltr'>IV.</span> <span class='ocrx_word' id='word_1_561' title='bbox 827 2517 898 2548; x_wconf 89' lang='lat'>761.</span> <span class='ocrx_word' id='word_1_562' title='bbox 940 2515 1055 2548; x_wconf 83' lang='lat' dir='ltr'>Palem</span> <span class='ocrx_word' id='word_1_563' title='bbox 1076 2518 1189 2558; x_wconf 84' lang='lat' dir='ltr'>rogat,</span> <span class='ocrx_word' id='word_1_564' title='bbox 1209 2518 1248 2548; x_wconf 88' lang='lat' dir='ltr'>ut</span> <span class='ocrx_word' id='word_1_565' title='bbox 1270 2516 1409 2550; x_wconf 88' lang='lat' dir='ltr'>numina</span> <span class='ocrx_word' id='word_1_566' title='bbox 1429 2517 1553 2560; x_wconf 83' lang='lat' dir='ltr'>placet,</span> <span class='ocrx_word' id='word_1_567' title='bbox 1574 2528 1619 2551; x_wconf 91' lang='lat' dir='ltr'>ne</span> 
     </span>
     <span class='ocr_line' id='line_1_54' title="bbox 138 2558 1620 2604; baseline 0 -12"><span class='ocrx_word' id='word_1_568' title='bbox 138 2560 293 2592; x_wconf 89' lang='lat' dir='ltr'>Faunum</span> <span class='ocrx_word' id='word_1_569' title='bbox 314 2558 438 2598; x_wconf 85' lang='lat' dir='ltr'>videat,</span> <span class='ocrx_word' id='word_1_570' title='bbox 462 2558 593 2590; x_wconf 75' lang='lat' dir='ltr'>»medio</span> <span class='ocrx_word' id='word_1_571' title='bbox 607 2569 684 2591; x_wconf 88' lang='lat' dir='ltr'>cum</span> <span class='ocrx_word' id='word_1_572' title='bbox 705 2559 832 2598; x_wconf 89' lang='lat' dir='ltr'>premit</span> <span class='ocrx_word' id='word_1_573' title='bbox 855 2567 936 2604; x_wconf 74' lang='lat' dir='ltr'>arva</span> <span class='ocrx_word' id='word_1_574' title='bbox 957 2558 1042 2598; x_wconf 79' lang='lat' dir='ltr'>die«,</span> <span class='ocrx_word' id='word_1_575' title='bbox 1064 2558 1222 2598; x_wconf 90' lang='lat' dir='ltr'>quoniam</span> <span class='ocrx_word' id='word_1_576' title='bbox 1243 2559 1295 2589; x_wconf 92' lang='lat' dir='ltr'>uti</span> <span class='ocrx_word' id='word_1_577' title='bbox 1316 2568 1358 2590; x_wconf 85' lang='lat' dir='ltr'>ex</span> <span class='ocrx_word' id='word_1_578' title='bbox 1379 2561 1542 2592; x_wconf 82' lang='lat' dir='ltr'>contextu</span> <span class='ocrx_word' id='word_1_579' title='bbox 1562 2570 1620 2601; x_wconf 84' lang='lat' dir='ltr'>ap-</span> 
     </span>
     <span class='ocr_line' id='line_1_55' title="bbox 136 2599 1618 2642; baseline 0.001 -10"><span class='ocrx_word' id='word_1_580' title='bbox 136 2603 235 2642; x_wconf 87' lang='lat' dir='ltr'>paret</span> <span class='ocrx_word' id='word_1_581' title='bbox 265 2600 403 2631; x_wconf 84' lang='lat' dir='ltr'>morbos</span> <span class='ocrx_word' id='word_1_582' title='bbox 436 2601 596 2641; x_wconf 83' lang='lat' dir='ltr'>gregibus</span> <span class='ocrx_word' id='word_1_583' title='bbox 618 2602 654 2631; x_wconf 90' lang='lat' dir='ltr'>et</span> <span class='ocrx_word' id='word_1_584' title='bbox 673 2599 867 2640; x_wconf 87' lang='lat' dir='ltr'>pastoribus</span> <span class='ocrx_word' id='word_1_585' title='bbox 888 2600 999 2637; x_wconf 75' lang='lat' dir='ltr'>timet,</span> <span class='ocrx_word' id='word_1_586' title='bbox 1019 2599 1047 2631; x_wconf 89' lang='lat' dir='ltr'>si</span> <span class='ocrx_word' id='word_1_587' title='bbox 1069 2599 1169 2630; x_wconf 90' lang='lat' dir='ltr'>deum</span> <span class='ocrx_word' id='word_1_588' title='bbox 1215 2599 1484 2633; x_wconf 79' lang='lat' dir='ltr'>uiescentemex</span> <span class='ocrx_word' id='word_1_589' title='bbox 1527 2601 1618 2634; x_wconf 87' lang='lat' dir='ltr'>uiete</span> 
     </span>
     <span class='ocr_line' id='line_1_56' title="bbox 137 2640 1618 2681; baseline 0.001 -7"><span class='ocrx_word' id='word_1_590' title='bbox 137 2642 331 2674; x_wconf 87' lang='lat' dir='ltr'>conturbat.</span> <span class='ocrx_word' id='word_1_591' title='bbox 354 2640 395 2673; x_wconf 84' lang='lat' dir='ltr'>cf.</span> <span class='ocrx_word' id='word_1_592' title='bbox 419 2641 528 2673; x_wconf 86' lang='lat' dir='ltr'>Noun.</span> <span class='ocrx_word' id='word_1_593' title='bbox 550 2642 687 2681; x_wconf 83' lang='lat' dir='ltr'>Dionys.</span> <span class='ocrx_word' id='word_1_594' title='bbox 710 2640 918 2672; x_wconf 90' lang='lat' dir='ltr'>XXXXVIII.</span> <span class='ocrx_word' id='word_1_595' title='bbox 939 2642 1010 2672; x_wconf 88' lang='grc'><strong>258.</strong></span> <span class='ocrx_word' id='word_1_596' title='bbox 1032 2640 1157 2673; x_wconf 88' lang='lat' dir='ltr'>Lucan.</span> <span class='ocrx_word' id='word_1_597' title='bbox 1179 2640 1205 2672; x_wconf 93' lang='lat' dir='ltr'>P</span> <span class='ocrx_word' id='word_1_598' title='bbox 1231 2651 1295 2676; x_wconf 73' lang='lat' dir='ltr'>are.</span> <span class='ocrx_word' id='word_1_599' title='bbox 1315 2641 1370 2674; x_wconf 88' lang='lat' dir='ltr'>HL</span> <span class='ocrx_word' id='word_1_600' title='bbox 1394 2643 1466 2674; x_wconf 85' lang='lat'>423.</span> <span class='ocrx_word' id='word_1_601' title='bbox 1537 2653 1618 2676; x_wconf 86' lang='lat' dir='ltr'>uare</span> 
     </span>
     <span class='ocr_line' id='line_1_57' title="bbox 137 2681 1615 2726; baseline 0.001 -11"><span class='ocrx_word' id='word_1_602' title='bbox 137 2683 326 2724; x_wconf 88' lang='lat' dir='ltr'>euphonice</span> <span class='ocrx_word' id='word_1_603' title='bbox 349 2683 479 2714; x_wconf 84' lang='lat' dir='ltr'>dictum</span> <span class='ocrx_word' id='word_1_604' title='bbox 502 2692 572 2715; x_wconf 88' lang='lat' dir='ltr'>esse</span> <span class='ocrx_word' id='word_1_605' title='bbox 594 2682 748 2723; x_wconf 87' lang='lat' dir='ltr'>videtur,</span> <span class='ocrx_word' id='word_1_606' title='bbox 780 2682 809 2714; x_wconf 89' lang='lat' dir='ltr'>si</span> <span class='ocrx_word' id='word_1_607' title='bbox 828 2681 899 2713; x_wconf 88' lang='lat' dir='ltr'>Pan</span> <span class='ocrx_word' id='word_1_608' title='bbox 921 2683 1037 2722; x_wconf 71' lang='grc' dir='ltr'><em>α’γαθὸς</em></span> <span class='ocrx_word' id='word_1_609' title='bbox 1059 2686 1177 2722; x_wconf 71' lang='grc' dir='ltr'><strong><em>δαίμων</em></strong></span> <span class='ocrx_word' id='word_1_610' title='bbox 1198 2681 1277 2717; x_wconf 84' lang='lat' dir='ltr'>Eus.</span> <span class='ocrx_word' id='word_1_611' title='bbox 1305 2683 1422 2723; x_wconf 85' lang='lat' dir='ltr'>Praep.</span> <span class='ocrx_word' id='word_1_612' title='bbox 1440 2694 1557 2726; x_wconf 83' lang='lat' dir='ltr'>evang.</span> <span class='ocrx_word' id='word_1_613' title='bbox 1578 2685 1615 2717; x_wconf 91' lang='lat' dir='ltr'>V.</span> 
     </span>
     <span class='ocr_line' id='line_1_58' title="bbox 136 2724 1615 2768; baseline 0.003 -11"><span class='ocrx_word' id='word_1_614' title='bbox 136 2728 167 2757; x_wconf 83' lang='lat'>5.</span> <span class='ocrx_word' id='word_1_615' title='bbox 190 2736 222 2765; x_wconf 91' lang='lat' dir='ltr'>p.</span> <span class='ocrx_word' id='word_1_616' title='bbox 247 2726 316 2756; x_wconf 89' lang='grc'><strong>189.</strong></span> <span class='ocrx_word' id='word_1_617' title='bbox 339 2725 394 2756; x_wconf 93' lang='lat' dir='ltr'>vel</span> <span class='ocrx_word' id='word_1_618' title='bbox 415 2727 534 2764; x_wconf 71' lang='grc' dir='ltr'>ἐγαθός</span> <span class='ocrx_word' id='word_1_619' title='bbox 554 2728 630 2760; x_wconf 69' lang='grc' dir='ltr'><strong><em>θεός</em></strong></span> <span class='ocrx_word' id='word_1_620' title='bbox 653 2725 746 2756; x_wconf 89' lang='lat' dir='ltr'>Paus.</span> <span class='ocrx_word' id='word_1_621' title='bbox 769 2724 856 2756; x_wconf 88' lang='lat' dir='ltr'>VIII.</span> <span class='ocrx_word' id='word_1_622' title='bbox 878 2725 928 2755; x_wconf 89' lang='lat'>36.</span> <span class='ocrx_word' id='word_1_623' title='bbox 951 2727 980 2755; x_wconf 84' lang='lat'>3.</span> <span class='ocrx_word' id='word_1_624' title='bbox 1002 2724 1206 2756; x_wconf 88' lang='lat' dir='ltr'>nominatur.</span> <span class='ocrx_word' id='word_1_625' title='bbox 1250 2724 1411 2756; x_wconf 75' lang='lat' dir='ltr'>Ger-hard.</span> <span class='ocrx_word' id='word_1_626' title='bbox 1432 2725 1488 2758; x_wconf 84' lang='lat' dir='ltr'>Gr.</span> <span class='ocrx_word' id='word_1_627' title='bbox 1509 2726 1615 2768; x_wconf 80' lang='lat' dir='ltr'>Myth.</span> 
     </span>
     <span class='ocr_line' id='line_1_59' title="bbox 138 2764 1615 2807; baseline -0.001 -8"><span class='ocrx_word' id='word_1_628' title='bbox 138 2771 165 2799; x_wconf 92' lang='grc'>1.</span> <span class='ocrx_word' id='word_1_629' title='bbox 189 2768 259 2801; x_wconf 87' lang='grc'><strong>120.</strong></span> <span class='ocrx_word' id='word_1_630' title='bbox 281 2769 400 2806; x_wconf 72' lang='grc' dir='ltr'><strong><em>ἀγαθὸν</em></strong></span> <span class='ocrx_word' id='word_1_631' title='bbox 422 2770 561 2805; x_wconf 76' lang='grc' dir='ltr'><strong><em>δαίμονα,</em></strong></span> <span class='ocrx_word' id='word_1_632' title='bbox 582 2766 636 2799; x_wconf 86' lang='lat' dir='ltr'>cui</span> <span class='ocrx_word' id='word_1_633' title='bbox 656 2766 692 2798; x_wconf 86' lang='lat' dir='ltr'>in</span> <span class='ocrx_word' id='word_1_634' title='bbox 714 2765 821 2807; x_wconf 86' lang='lat' dir='ltr'>epulis</span> <span class='ocrx_word' id='word_1_635' title='bbox 842 2764 955 2798; x_wconf 89' lang='lat' dir='ltr'>viuum</span> <span class='ocrx_word' id='word_1_636' title='bbox 979 2764 1149 2798; x_wconf 82' lang='lat' dir='ltr'>effundere</span> <span class='ocrx_word' id='word_1_637' title='bbox 1170 2775 1243 2797; x_wconf 85' lang='lat' dir='ltr'>mos</span> <span class='ocrx_word' id='word_1_638' title='bbox 1266 2768 1348 2806; x_wconf 85' lang='lat' dir='ltr'>erat,</span> <span class='ocrx_word' id='word_1_639' title='bbox 1369 2766 1494 2799; x_wconf 78' lang='lat' dir='ltr'>Panem</span> <span class='ocrx_word' id='word_1_640' title='bbox 1514 2768 1615 2800; x_wconf 84' lang='lat' dir='ltr'>fuisse</span> 
     </span>
    </p>
   </div>
   <div class='ocr_carea' id='block_1_7' title="bbox 131 2811 241 2850">
    <p class='ocr_par' dir='ltr' id='par_1_12' title="bbox 131 2811 241 2850">
     <span class='ocr_line' id='line_1_60' title="bbox 131 2811 241 2850; baseline 0.018 -10"><span class='ocrx_word' id='word_1_641' title='bbox 131 2811 241 2850; x_wconf 83' lang='lat' dir='ltr'>putat.</span> 
     </span>
    </p>
   </div>
  </div>
 </body>
</html>
