1731 2980
758 20 1003 78 ,56-

99 142 257 196 coeptus
282 138 342 186 sit,
368 138 508 188 quibus
531 139 758 197 respublica·
773 141 811 196 et
833 141 1086 197 potestate-et
1104 141 1247 197 ‘opibus
1270 143 1474 191 plurimum
1499 179 1503 183 ,

98 188 258 228 Accedlt
284 188 429 238 eodem,
455 188 559 239 quod
586 190 723 239 poetae
747 189 850 229 illius
875 192 1058 241 temporis
1082 203 1116 229 s1
1140 190 1191 230 de
1212 189 1317 237 Pane
1340 194 1585 245 mentionem...
1609 210 1651 243 a.
1707 226 1710 230 .

100 240 216 286 ciunt,
244 239 467 288 dignitatem
492 240 573 289 ejus
596 240 959 289 praestantissimam
982 240 1410 292 excellentissimamque
1423 243 1651 297 fiiissefflgq-
1692 250 1695 252 '
1720 257 1725 263 ¹

98 288 295 335 fiteantur;
330 291 445 337 atque
481 289 724 326 commutatio
748 289 818 326 illa
851 291 934 327 tum
958 289 1110 327 demum
1142 290 1247 328 facta
1280 290 1347 339 sit,
1382 303 1500 341 quum
1531 297 1652 336 omnis

99 338 251 376 omnino
275 338 409 388 religio
432 337 472 375 iu
496 338 649 388 pravius
675 340 968 381 converteretur.
1479 370 1481 372 v

202 388 279 426 Sed
303 390 346 426 ut
369 388 557 427 sententia
580 400 671 426 vera
695 388 761 436 sit,
793 401 918 437 pauca
940 391 1089 427 tantum
1112 389 1345 439 respondere
1367 390 1506 440 placet.
1560 394 1652 440 Quis

102 438 160 475 est
185 437 250 486 qui
266 438 411 475 nesciat
434 437 641 486 aliquando
655 437 847 475 Chronum
875 439 1080 477 maximum
1103 438 1204 482 inter
1217 440 1383 479 Graecos
1408 440 1500 481 deos
1513 454 1652 482 numen

99 487 214 525 fuisse
240 489 354 535 atque
380 490 534 536 postero
559 490 729 535 tempore
753 500 881 536 regem
904 488 1110 526 insularum
1136 488 1321 537 felicium3
1340 491 1367 540 ¹)
1393 489 1479 539 quis
1503 493 1561 530 est
1584 494 1652 541 qui

98 537 262 582 nesciat,
290 537 402 574 etiam
430 536 470 574 in
496 536 600 574 cultu
626 536 731 575 Jovis
755 539 794 574 et
818 537 1027 586 Hephaesti
1051 537 1172 576 multa
1195 541 1348 588 postero
1373 542 1545 589 tempore
1569 554 1651 585 mu-

98 588 182 623 tata
206 588 321 634 atque
346 587 397 623 ad
418 585 495 623 alia
518 586 674 623 numina
700 586 825 624 relata
850 587 958 625 esse?
1386 594 1391 597 '
1628 615 1635 616 κ

197 634 356 672 Accedit
387 635 538 682 eodem,
572 635 674 684 quod
708 635 784 673 alio
818 635 902 674 loco
928 636 1133 685 explicavi,
1158 636 1301 677 Panem
1324 637 1513 687 principio
1538 638 1651 678 deum

97 685 220 733 partis
255 684 449 735 cujusdam
484 685 617 734 populi
648 684 762 724 fuisse
785 687 825 723 et
848 685 929 736 ejus
952 686 1105 736 quidem
1127 686 1269 736 partis,
1304 699 1401 736 quae
1427 701 1543 737 quum
1566 689 1652 739 ipsa

97 746 281 790 oppressa
322 737 437 783 esset,
490 735 633 772 cultum
665 735 961 784 religionemque
998 748 1103 774 suam
1140 736 1180 773 in
1211 736 1407 786 publicum
1438 737 1650 786 producere

96 795 143 821 ne
172 787 282 823 uiret.

146 796 172 833 q
197 833 403 872 Praeterea
432 834 473 872 in
504 833 688 883 religione
722 836 839 884 atque
872 834 977 873 cultu
1001 833 1134 884 populi
1158 834 1355 885 cujusdam
1380 836 1478 874 sicut
1510 836 1551 874 in
1574 837 1650 876 rei—

95 883 273 932 publicae
298 883 379 932 ejus
403 884 526 932 forma
550 884 671 922 multa
692 896 840 933 semper
854 887 1082 932 commutata
1102 891 1217 933 atque
1233 896 1414 924 conversa
1429 886 1648 934 invenimus,

95 933 322 982 praesertim
347 945 464 982 quum
489 932 582 982 quid
605 934 645 971 in
669 933 716 971 iis
741 932 1019 971 conformandis
1050 933 1316 983 mutandisque
1352 934 1569 985 philosophi
1592 938 1651 974 at-

95 994 171 1032 que
196 984 334 1031 poetae
358 982 556 1030 valuerint,
582 983 769 1020 neminem
794 983 958 1039 effugere
982 982 1113 1031 possit.
1128 983 1157 1031 ²)

198 1031 298 1077 Quid
322 1032 460 1070 mirum
484 1033 611 1082 igitur,
638 1032 670 1070 si
695 1045 789 1081 quos
811 1045 943 1081 primls
966 1032 1200 1082 temporibus
1216 1034 1254 1071 et
1267 1033 1529 1083 antiquissimo
1545 1034 1651 1073 cultu
1712 1041 1716 1045 ’

96 1082 189 1120 deos
214 1084 369 1119 vocatos
391 1082 613 1129 invenimus,
640 1093 704 1119 eos
730 1085 882 1130 postero
908 1081 1087 1130 deinceps
1111 1084 1282 1131 tempore
1306 1082 1406 1121 inter
1424 1084 1650 1122 daemonum

94 1143 293 1168 numerum
317 1131 494 1168 redactos
518 1131 714 1180 legamus?
739 1131 928 1180 Equidem
954 1143 1071 1180 quum
1093 1131 1197 1180 apud
1214 1132 1465 1182 Porphyrium
1481 1133 1529 1170 de
1552 1133 1648 1172 abst.

95 1179 144 1219 Π.
173 1183 231 1220 37.
258 1193 295 1231 p.
325 1183 406 1221 171.
432 1180 633 1230 inveniam,
660 1180 884 1220 daemonum
908 1180 1033 1220 varios
1058 1192 1140 1220 esse
1165 1181 1327 1231 ordines,
1355 1184 1394 1222 et
1418 1195 1559 1232 eorum,
1585 1184 1651 1234 qui

96 1231 145 1270 ab
179 1231 395 1270 hominibus
428 1231 526 1269 sicut
560 1232 614 1269 dii
647 1231 925 1271 honorarentur
957 1234 1073 1280 atque
1105 1244 1254 1280 eorum,
1288 1233 1354 1282 qui
1379 1245 1404 1271 a
1427 1233 1584 1283 singulis
1607 1235 1647 1272 in

96 1280 255 1319 deorum
278 1293 477 1318 numerum
501 1281 647 1329 recepti
672 1284 812 1329 essent,
847 1281 1000 1319 minime
1026 1281 1160 1328 miror3
1197 1294 1314 1330 quum
1346 1283 1449 1338 quod
1481 1283 1648 1321 studium

91 1331 172 1381 jam
196 1330 285 1369 inde
311 1330 360 1369 ab
385 1330 543 1369 Hesiodi
566 1330 801 1380 temporibus
825 1330 998 1379 valuerit,
1025 1332 1063 1369 et
1086 1343 1156 1381 per
1174 1343 1284 1370 omne
1304 1331 1483 1383 deinceps
1497 1334 1648 1386 tempus

95 1381 312 1429 neglectum
338 1393 414 1418 non
439 1381 499 1428 sit,
525 1381 622 1418 illud
647 1393 694 1418 ex
718 1381 778 1419 his
802 1381 927 1419 verbis
952 1381 1111 1419 eluceat.

193 1430 262 1478 ,Sin
287 1432 414 1467 autem
440 1430 554 1468 etiam
580 1432 759 1468 externae
783 1441 920 1467 causae
951 1430 1044 1468 satis
1073 1430 1224 1468 validae
1248 1430 1300 1468 ad
1324 1432 1445 1469 totam
1471 1433 1649 1470 naturam

95 1479 230 1530 populi
260 1479 420 1529 alicujus
451 1480 690 1518 formandam
715 1483 830 1530 atque
854 1479 1077 1518 mutandam
1110 1482 1279 1529 exstent,
1338 1480 1404 1519 uid
1428 1481 1583 1530 mirum,
1617 1482 1651 1521 si

96 1530 254 1567 deorum
280 1541 431 1579 quoque
458 1529 602 1567 cultum
625 1529 706 1579 ejus
738 1532 995 1579 permutatum
1020 1532 1059 1567 et
1090 1542 1185 1579 quas
1217 1532 1307 1567 ante
1382 1531 1507 1568 buerit
1530 1531 1648 1579 ideas,

95 1581 140 1617 ut
162 1578 348 1616 vocabulo
373 1579 520 1617 Graeco
545 1581 651 1626 utar,
687 1591 752 1617 eas
782 1579 831 1617 ab
864 1578 949 1616 aliis
974 1578 1094 1617 victas
1124 1582 1241 1629 atque
1264 1591 1458 1629 repressas
1481 1580 1649 1619 invenia-

96 1628 206 1667 mus‘?
257 1627 349 1673 Quis
374 1630 502 1666 autem
527 1631 601 1676 est,
636 1629 702 1677 qui
726 1628 889 1675 nesciat,
924 1628 1124 1672 Graeciam
1155 1629 1312 1679 antiquo
1345 1632 1518 1679 tempore
1542 1631 1648 1669 novis

93 1689 210 1726 saepe
234 1678 350 1715 rebus
376 1678 556 1726 novisque
582 1678 717 1716 studiis
742 1690 863 1726 paene
889 1689 971 1716 esse
997 1678 1264 1726 dilaceratam3
1318 1691 1404 1716 uem
1428 1679 1544 1729 fugit,
1579 1692 1647 1729 po-

93 1727 207 1777 pulos
240 1729 448 1776 gentesque
478 1727 517 1765 in
553 1739 599 1765 ea
630 1728 781 1776 saepius
814 1726 923 1765 sedes
958 1730 1208 1766 commutasse
1242 1739 1282 1765 se
1323 1728 1471 1778 busque
1494 1729 1651 1767 mutatis

94 1777 210 1816 etiam
234 1776 312 1815 alia
338 1776 515 1815 instituta
537 1776 715 1827 legesque
740 1776 836 1814 alias
860 1776 1074 1826 recepisse?
1549 1793 1552 1796 >

192 1826 334 1865 Mansit
357 1829 496 1874 tamen,
529 1830 572 1865 ut
600 1827 694 1865 mihi
720 1826 923 1875 probatum
947 1828 1052 1875 puto,
1080 1826 1268 1876 quaedam
1293 1827 1445 1876 pristini
1469 1828 1653 1877 temporis

92 1876 352 1926 pristinaeque
370 1876 564 1925 religionis
588 1876 629 1914 in
656 1876 760 1914 cultu
784 1876 898 1914 Panis
922 1876 1115 1924 memoria;
1140 1876 1397 1927 pristinaeque
1421 1877 1651 1927 magnitudi-

91 1926 152 1965 nis
176 1926 336 1975 vestigia
360 1926 399 1964 in
426 1925 533 1964 cultu
558 1926 639 1976 ejus
665 1925 927 1976 cognoscenda
952 1928 1050 1964 sunt.
1435 1965 1438 1967 Α

192 1977 230 2025 2)
260 1975 335 2015 Sed
369 1976 420 2014 ad
453 1975 614 2014 alteram
646 1976 905 2026 quaestionem
939 1975 1204 2025 explicandam
1234 1987 1360 2025 pauca
1382 1976 1501 2015 verba
1523 1976 1650 2015 facere

91 2025 231 2074 placet.
284 2025 488 2071 Quaeritur
512 2026 623 2073 enim,
651 2025 839 2075 quomodo
867 2025 948 2063 Pan
974 2038 1060 2063 cum
1086 2025 1191 2073 Jove,
1218 2038 1331 2075 quem
1347 2026 1517 2064 Arcades
1540 2038 1652 2064 vene-

91 2074 477 2162 rabalntur,tg.aycaeo
503 2075 642 2113 sociari
666 2077 836 2125 poterat,
870 2086 987 2124 quum
1010 2075 1093 2125 ipse
1118 2074 1247 2113 lumen
1271 2075 1395 2113 solare
1418 2077 1557 2113 natura
1581 2087 1651 2114 sua
1691 2107 1693 2109 .

93 2136 139 2162 ex
198 2136 301 2162 cuer1
1291 2138 1295 2142 ⁴

140 2137 166 2174 p
191 2174 289 2212 Zeus
312 2177 486 2220 Λυκαΐος
510 2175 615 2225 apud
639 2175 819 2223 Arcades,
846 2175 905 2212 uti
928 2186 977 2212 ex
999 2174 1105 2213 cultu
1128 2176 1301 2223 apparet,
1328 2173 1473 2224 duplici
1495 2186 1651 2213 munere

91 2223 244 2263 functus
269 2226 337 2263 est.
397 2225 566 2263 Primum
599 2224 753 2275 quidem
784 2237 854 2263 rex
888 2226 1004 2274 atque
1040 2224 1207 2263 salvator
1231 2226 1276 2262 ut
1296 2224 1353 2263 ita
1377 2224 1502 2263 dicam
1554 2224 1651 2263 entis

92 2274 324 2322 Arcadicae,
363 2275 429 2324 qui
460 2274 620 2312 tutelam
651 2276 776 2312 terrae
804 2276 920 2324 atque
944 2273 1154 2311 incolarum
1179 2276 1320 2323 ageret,
1345 2273 1461 2312 fuisse
1487 2274 1524 2312 vi
1553 2277 1649 2321 etur,

92 2323 150 2361 uti
175 2335 222 2361 ex
246 2324 504 2373 inscriptione,
531 2337 646 2374 quam
670 2324 838 2362 Arcades
862 2326 950 2374 post
967 2335 1098 2362 necem
1113 2323 1358 2361 Aristocratis
1381 2335 1424 2368 re
1450 2323 1483 2361 is
1508 2323 1651 2361 colum-

92 2385 165 2411 nae
191 2373 340 2411 cuidam
366 2374 649 2422 inscripserant,
672 2376 858 2423 apparet3
883 2373 1008 2421 (Paus.
1034 2372 1098 2411 IV.
1126 2376 1185 2412 22.
1211 2376 1246 2411 4.
1273 2372 1404 2423 Polyb.
1450 2373 1494 2412 V.
1523 2375 1598 2423 33.)

332 2426 458 2474 Χαῖρε
483 2424 561 2461 Ζεῦ
585 2424 746 2473 βασιλεῦ
770 2423 837 2461 καὶ
862 2425 960 2461 σάου
985 2422 1191 2473 Ἀρκαδίαν.
1294 2436 1297 2439 ⁴

194 2473 314 2512 Simul
340 2475 469 2511 autem
494 2484 579 2511 eum
605 2473 717 2512 deum
740 2472 857 2511 fuisse
884 2483 1036 2521 censeo,
1069 2473 1135 2522 qui
1164 2471 1314 2510 felicem
1348 2471 1536 2511 Arcadiae
1572 2473 1650 2510 sta-

92 2526 175 2562 tum
205 2526 321 2573 atque
350 2523 503 2573 frugum
531 2523 768 2562 fertilitatem
792 2522 932 2572 pluviis
957 2522 1173 2561 salubribus
1197 2522 1410 2572 praeberet.
1460 2522 1557 2571 Erat
1580 2522 1650 2571 igi-

138 2675 160 2714 1)
181 2674 317 2705 Hesiod.
339 2673 424 2714 Opp.
457 2676 491 2705 et
512 2673 592 2705 dies.
616 2673 686 2706 169.
728 2672 823 2703 Pind.
851 2670 982 2712 olymp.
1011 2671 1052 2703 11.
1074 2673 1124 2703 70.
1165 2670 1262 2743 ΡἏιίῑο
1282 2671 1506 2743 Phileb.5270.
1527 2669 1576 2742 D.l
1609 2648 1650 2700 cf.

176 2715 752 2798 ἓξὲἕίξέἓὲἐᾚῧῗὲθξὶωῗέὲέε
774 2712 1267 2794 ὴῗὲἓὲἶῗὲῗᾱῡὲἷέἐζᾞοέιὲὲ
1274 2712 1371 2787 {21³3
1390 2714 1653 2793 {eiss‘zsszpffi

138 2842 160 2880 ²)
175 2801 474 2873 mseffiogssghnann·
498 2838 620 2871 Lehrb.
643 2837 705 2870 der
726 2837 832 2879 Relig.
855 2848 889 2870 u.
910 2836 1016 2876 Myth.
1038 2836 1075 2869 T.
1099 2838 1125 2869 1.
1147 2846 1179 2876 p.
1201 2836 1273 2868 269.
1294 2845 1343 2877 sq.
1386 2839 1389 2842 ⁴
