1731 2980
748 29 995 67 -43—

160 145 176 162 κ
197 125 239 166 Si
271 126 398 165 autem
429 138 515 165 cum
540 126 600 165 his
629 126 799 166 fabulam
824 128 872 166 de
900 130 1021 167 morte
1044 128 1160 166 Panis
1195 138 1279 165 com
1305 139 1475 175 aramus,
1509 128 1645 166 miram

123 172 289 230 uandam
314 174 595 231 similitudinem
621 176 790 214 confiteri
816 177 994 227 cogimur.
1028 177 1131 216 Mors
1155 175 1256 215 enim
1310 176 1392 216 anis
1417 176 1517 216 sicut
1540 189 1644 216 mors

96 188 255 264 asu-ldis
287 226 502 273 nuntiatur,
537 225 694 265 tristitia
729 228 992 278 moestitiaque
1023 240 1070 265 ex
1103 226 1301 265 amborum
1329 226 1486 266 interitu
1522 228 1644 266 oritur

124 284 212 312 uam
235 273 411 322 maxima,
436 275 529 324 quid
554 275 765 325 igiturest,
791 277 906 326 quod,
933 278 1132 327 quominus
1155 276 1258 315 idem
1281 275 1513 326 significetur
1523 278 1642 327 impe-

98 287 190 364 direv
203 333 313 373 posse
337 324 537 363 videatur?
597 324 702 364 Inest
733 325 850 375 igitur
882 328 961 366 sine
987 327 1069 367 ulla
1092 326 1329 366 dubitatione
1352 325 1393 364 in
1416 326 1489 366 hac
1511 327 1644 366 fabula

124 373 208 414 nasi
241 374 429 423 quaedam
461 374 638 424 analogia
668 377 712 413 ut
743 376 800 414 ita
830 376 953 416 dicam
980 390 1065 417 cum
1089 378 1153 425 iis,
1188 388 1284 426 quas
1316 374 1365 414 de
1397 376 1560 425 Osiride,
1592 377 1641 415 de

133 423 283 471 ionyso,
309 424 439 462 Attide
474 426 512 461 et
539 423 587 462 de
611 424 784 463 Adonide
808 425 981 475 legimus,
1017 439 1114 477 quae
1137 429 1265 464 tamen
1290 436 1419 463 omnes
1441 426 1556 464 vitam
1579 438 1641 464 re-

98 484 185 511 rum
210 474 369 511 naturae
406 473 685 512 decrescentem
716 475 1012 525 morientemque
1044 475 1268 525 significant.
1328 473 1439 520 Quod
1469 487 1556 513 vero
1589 476 1640 514 ad

94 523 253 561 formam
287 520 435 560 adtinet
448 552 457 570 ,
495 522 589 561 haec
619 525 772 573 postero
805 527 975 575 tempore
1007 525 1168 564 fortasse
1201 522 1335 563 addita
1370 525 1487 573 atque
1521 525 1640 575 magis

95 572 289 621 magisque
314 574 427 609 aucta
451 574 565 621 atque
590 575 725 613 ornata
751 576 818 612 est.
1386 588 1388 590 ’

194 620 299 666 Quae
326 633 441 670 quum
465 621 521 659 ita
545 634 585 660 se
608 621 776 661 habeant
800 625 914 673 atque
939 622 1136 663 1001181110
1150 622 1357 670 Plutarchi,
1383 621 1458 661 etsi
1483 621 1641 662 formam

95 670 178 721 ejus
203 669 415 709 fabulosam
440 683 520 710 esse
546 672 801 721 declaramus,
823 674 974 712 omnino
999 686 1024 712 a
1046 673 1207 713 veritate
1231 686 1309 712 non
1333 672 1557 719 abhorreat,
1582 675 1640 712 ta-

92 733 179 760 men
197 721 229 759 si
242 720 293 758 ad
319 723 466 770 tempus
481 723 712 771 respicimus,
737 724 896 761 fortasse
921 722 998 761 alia
1023 723 1211 772 quaedam
1235 723 1362 772 opinio
1387 722 1642 771 amplexanda

95 769 256 809 videtur.
306 769 404 808 Nam
429 782 474 809 eo
497 771 580 820 ipso
604 774 796 821 tempore,
823 784 918 822 quo,
947 773 1050 822 quod
1074 771 1300 810 Plutarchus
1324 774 1472 819 narrat,
1498 771 1641 810 Thamo

92 819 278 869 Aegyptio
305 820 473 869 contigit,
496 820 536 858 in
560 823 732 870 Aegypto
759 822 933 869 doctrina
956 821 1129 868 valebat,
1156 833 1253 870 quae
1278 822 1327 859 ab
1352 821 1538 858 Euemero
1564 823 1642 869 pri-

91 881 195 907 mum
208 869 404 918 proposita
427 869 467 907 in
491 869 602 917 libro,
629 870 695 919 qui
720 870 808 920 ἱεροὶ
832 870 1040 922 ἀναγραφή
1065 871 1294 917 inscribitur,
1313 872 1341 918 ²)
1394 872 1519 909 ostero
1536 870 1642 907 dein—

92 930 182 968 ceps
205 922 376 967 tempore
402 918 505 968 apud
556 918 774 969 hilosophos
797 920 925 969 magni
948 919 1127 957 momenti
1160 919 1242 957 fuit.
1293 918 1361 957 Ph‘
1381 931 1403 957 o
1436 919 1546 967 enim,
1575 920 1641 969 (1111

93 969 173 1006 fere
198 968 368 1017 aequalis
393 968 465 1006 fuit
488 969 532 1006 Ti
561 969 656 1016 erio,
688 969 728 1006 in
753 969 862 1007 libris
886 981 1000 1017 saepe
1026 968 1395 1007 Sanchuniathonem
1420 981 1642 1006 commemo-

94 1020 158 1056 rat
182 1019 298 1067 atque
323 1017 537 1067 fragmenta
561 1030 608 1056 ex
633 1018 713 1068 ejus
737 1018 845 1056 libris
870 1018 987 1056 sacris
1013 1018 1176 1067 collegit.
1198 1019 1226 1068 ²)
1287 1018 1363 1056 Sed
1387 1017 1450 1055 hic
1475 1017 1641 1057 Philonis

91 1067 200 1115 liber,
225 1067 283 1105 uti
306 1066 406 1105 inter
431 1079 560 1106 omnes
584 1068 704 1106 nostri
728 1068 911 1117 temporis
934 1068 1035 1106 viros
1060 1068 1193 1106 doctos
1217 1070 1375 1116 constat,
1401 1068 1560 1106 veritate
1571 1068 1640 1106 mi-

91 1117 193 1155 nime.
216 1117 367 1164 nititur,
394 1117 462 1155 sed
487 1129 585 1166 quae
609 1118 691 1166 ipse
716 1118 826 1155 Philo
852 1118 899 1155 de
923 1130 961 1155 m
1004 1117 1063 1155 his
1089 1118 1303 1166 fabulisque
1329 1118 1524 1166 opinatur,
1552 1130 1641 1155 con-

90 1166 196 1203 tinet.
246 1166 344 1203 Nam
376 1167 415 1204 in
448 1166 613 1205 Graecos
643 1167 847 1216 praecipue
880 1167 964 1204 inve
995 1166 1080 1215 'tur,
1115 1167 1166 1217 (p.
1193 1170 1253 1205 40.
1281 1166 1340 1205 ed.
1368 1166 1501 1215 Orelh')
1537 1167 1640 1216 quod

94 1227 223 1254 omnes
248 1227 377 1253 eorum
401 1215 554 1254 fabulae
570 1216 740 1254 deorum
764 1217 813 1254 ab
829 1216 995 1255 Hesiodo
1013 1219 1129 1265 atque
1151 1216 1235 1254 ah'is
1259 1216 1382 1265 poetis
1407 1228 1454 1254 ex
1480 1216 1641 1254 historia

89 1276 216 1303 rerum
240 1265 467 1303 Punicarum
492 1265 712 1314 desumptae
738 1266 813 1304 sint
838 1268 877 1303 et
899 1265 1102 1315 theogonia
1126 1266 1273 1304 Graeca
1305 1265 1400 1304 nihil
1434 1265 1541 1304 aliud
1566 1266 1638 1304 nisi

90 1313 249 1353 historia
270 1315 435 1353 virorum
458 1314 688 1353 Phoenicum
710 1327 791 1354 esse
814 1315 998 1354 videatur.

188 1364 294 1402 Sicut
315 1364 425 1402 Philo
449 1367 576 1402 autem
601 1365 812 1413 complures
836 1365 917 1413 ejus
940 1365 1122 1414 temporis
1148 1364 1418 1414 mythologiam
1450 1364 1535 1414 lege
1558 1376 1638 1402 1110-

86 1413 1388 1512 ἷὲἐῖἶοῗἚῗῗὲξῖτέἳὲἱξῗῒὲἓῖοἛέὲὲὲᾱῗέἰὲἓ“ἰέἶῖωοῖἷῖἑῖ
1411 1414 1520 1501 {iffi
1545 1414 1636 1501 ἒέἕ

87 1512 234 1559 tulisse,
260 1514 303 1549 ut
326 1512 475 1550 fabulas
498 1512 722 1562 mythosque
747 1524 794 1551 ex
824 1524 951 1550 rerum
975 1512 1136 1551 historia
1159 1513 1502 1562 interpretarentur
1526 1513 1635 1551 deos-

88 1573 162 1610 que
187 1561 357 1599 homines
380 1562 494 1599 fuisse
520 1562 831 1600 demonstrarent.

186 1610 413 1649 Plutarchus
437 1623 526 1649 vero
550 1611 634 1649 loco
658 1611 736 1659 illo,
763 1623 838 1660 quo
864 1611 912 1649 de
937 1614 1058 1649 morte
1074 1611 1188 1650 Panis
1207 1611 1344 1660 agitur,
1370 1611 1419 1650 ab
1432 1611 1636 1660 Epitherse

89 1660 254 1709 quodam
278 1660 373 1697 haec
412 1662 569 1699 narrata
603 1672 684 1699 esse
716 1663 1002 1708 commemorat,
1036 1661 1102 1711 qui
1134 1661 1354 1710 Epitherses
1389 1673 1414 1699 a
1445 1660 1638 1710 Stephano

89 1710 176 1759 Byz.
203 1722 231 1748 s.
257 1722 291 1747 v.
318 1712 463 1749 Νικαῖα
489 1712 802 1749 commemoratur
826 1710 1050 1760 lexiconque
1074 1711 1306 1760 tragicorum
1336 1713 1375 1749 et
1409 1711 1637 1750 comicorum

89 1760 301 1798 Atticorum
327 1760 592 1810 conscripsisse
617 1760 748 1799 fertur.
807 1760 907 1806 Quid
931 1761 1068 1810 igitur,
1095 1761 1128 1799 si
1153 1761 1204 1799 ad
1227 1761 1330 1799 illius
1353 1763 1431 1799 tem
1459 1761 1536 1800 oris
1558 1763 1637 1799 stu-

88 1809 152 1848 dia
175 1810 396 1860 respicimus
420 1810 590 1860 impedit,
617 1810 815 1860 quominus
839 1812 1027 1860 putemus,
1053 1809 1223 1850 fabulam
1246 1811 1369 1860 ipsam
1385 1823 1410 1849 a
1461 1810 1636 1849 lutarcho

87 1863 282 1898 narratam
306 1860 355 1898 ab
381 1859 581 1909 Epitherse
607 1872 688 1899 esse
711 1860 839 1898 fictam
864 1862 979 1909 atque
1005 1854 1250 1909 compositam
1264 1891 1273 1909 ‚
1305 1861 1363 1898 ita
1386 1860 1560 1911 quidem,
1591 1863 1636 1898 ut

86 1920 135 1996 {a
158 1910 243 1966 ipsa
268 1909 465 1996 suiamevel
485 1909 1245 1997 111111108>011111ἓί111111Θ801110111ῑ111ὲ118θ111101ἇιέἐ
1282 1910 1374 1998 (10338
1396 1923 1635 1998 gmnesfiesse

115 1971 257 1997 omines
284 1971 308 1996 a
352 1972 379 1996 u
423 1971 485 1997 mo
524 1971 548 1997 a
563 1971 619 1997 es.
730 1971 807 1997 mm
862 1971 999 1997 m1rum
1136 1972 1174 1997 vi
1241 1972 1286 1997 ur
1423 1972 1498 1998 unc
1549 1972 1636 1999 nem

85 1972 361 2059 assequenduiii
385 2008 555 2047 fabulam
578 2020 659 2047 esse
686 2009 943 2058 compositam,
969 2021 1055 2047 cum
1078 2021 1126 2047 ex
1151 2021 1195 2048 eo
1219 2009 1303 2059 ipso
1324 2012 1495 2060 tempore
1517 2010 1635 2049 libros

84 2058 137 2096 ad
162 2058 353 2109 quandam
378 2058 593 2107 opinionem
617 2059 938 2107 comprobandam
964 2059 1190 2108 compositos
1216 2071 1298 2097 esse
1324 2062 1481 2098 constet.
1496 2061 1527 2109 ι’)

181 2108 277 2146 Τ11111
301 2109 427 2146 autem
449 2107 576 2145 locum
600 2107 795 2146 Plutarchi
821 2120 1016 2155 corruere,
1051 2108 1277 2158 fabulasque
1302 2109 1460 2147 deorum
1483 2109 1634 2157 omnino

81 2157 207 2197 nullas
231 2170 322 2205 esse,
350 2157 515 2207 deosque
539 2158 643 2207 ipsos
668 2158 817 2197 omnino
843 2169 1076 2206 evanescere,
1104 2171 1220 2208 quum
1246 2158 1343 2197 adeo
1364 2159 1447 2197 Pan
1473 2159 1635 2208 Magnus

82 2209 252 2247 mortuus
276 2208 342 2256 sit,
368 2209 540 2257 apparet.

163 2403 276 2435 dicere
296 2403 474 2444 poterant,
499 2402 711 2449 Thamusque
734 2402 741 2408 '
838 2401 1023 2449 ubernator
1043 2411 1062 2432 a
1083 2402 1209 2450 mythis
1229 2402 1350 2450 patriis
1370 2411 1440 2434 non
1461 2401 1633 2443 abhorret,

161 2444 199 2486 si,
220 2454 306 2486 quae
326 2444 370 2476 ad
392 2454 445 2476 res
466 2444 601 2476 navales
620 2444 776 2492 itmeraq'
832 2444 1002 2492 mantima
1022 2453 1161 2475 max1m1
1180 2446 1347 2499 momenti
1367 2446 1446 2492 sunt
1466 2446 1632 2485 tempora,

160 2485 1004 2568 231⁰}3331‘3323‘33225313203135ffigaam?
1026 2485 1633 2568 ἓὲἓὲῗῖξυέἓὲἒοέῗέῗέέιὲἓὲῗὲ

121 2611 143 2654 ¹)
159 2569 355 2645 3101111111Ῐὲ
356 2579 412 2644 ¹5¹4.
433 2611 472 2643 v.
494 2612 544 2642 46.
565 2609 651 2642 P1in.
672 2609 706 2641 h.
727 2620 760 2643 n.
781 2609 835 2643 VI.
856 2610 906 2642 44.
938 2609 1027 2641 P1ut.
1050 2609 1093 2641 de
1112 2609 1154 2642 Is.
1177 2612 1212 2642 et
1235 2610 1288 2643 Os.
1310 2610 1427 2643 xxm.
1458 2609 1499 2645 ef.
1522 2610 1631 2642 Betu-

119 2694 142 2735 2)
160 2653 695 2735 ἱξὶτὲξ.111οεῐέ11818ῗο1111101111118
727 2692 835 2725 edidit
865 2691 986 2724 Orelli:
1017 2691 1321 2726 Sanchuniathonis
1340 2692 1512 2734 Berythii,
1544 2702 1629 2734 quae

157 2738 337 2779 supersunt
356 2736 557 2780 fragmenta.
577 2734 667 2777 LiPS.
690 2736 782 2769 1826.

117 2777 140 2818 8)
162 2780 287 2812 Arnob.
309 2779 383 2812 adv.
405 2781 496 2821 gent.
517 2779 556 2812 V.
576 2789 609 2819 p.
635 2779 703 2810 197.
736 2778 878 2819 August.
899 2776 942 2808 de
964 2776 1054 2809 civit.
1076 2777 1148 2810 Dei.
1170 2779 1255 2811 vm.
1278 2779 1307 2809 5.
1329 2780 1377 2810 23.

117 2820 141 2861 ⁴)
162 2820 247 2854 Plin.
268 2821 345 2854 hist.
367 2825 436 2854 nat.
458 2821 558 2854 XXX.
581 2822 610 2852 2.
635 2819 736 2852 Clem.
759 2819 884 2854 Strom.
906 2819 942 2850 L.
964 2820 994 2851 6.
1016 2820 1045 2853 2.
1068 2820 1166 2899 §.623
1188 2830 1221 2860 p.
1245 2821 1317 2852 752.

163 2371 227 2393 nus
253 2360 358 2392 totius
386 2360 505 2393 mundi
533 2361 632 2393 natus
660 2326 915 2476 &13onoe
937 2359 1142 2400 autumnali,
1173 2359 1340 2392 Osiridem
1360 2362 1532 2392 mortuum
1564 2369 1634 2392 esse
