1731 2980
708 61 957 96 -22-

54 158 269 198 Arcadibus
294 158 438 197 cultum
462 159 687 208 receperint,
713 159 780 208 qui
804 159 1010 209 praecipue
1027 158 1170 196 Panem
1193 158 1306 197 deum
1331 161 1534 208 pastorum-
1552 172 1615 198 co-

54 209 214 255 luerint,
246 207 418 246 sublimis
447 209 516 246 illa
546 210 663 257 atque
694 208 840 246 eximia.
862 208 966 257 apud
997 207 1205 246 Pindarum
1228 209 1344 257 atque
1369 208 1537 258 tragicos
1562 209 1611 248 de

53 270 99 296 eo
125 257 316 296 sententia
347 257 387 296 in
411 259 492 295 tam
515 269 634 306 parvo
657 259 873 308 temporum
897 256 1021 307 spatio
1045 258 1132 296 orta
1155 257 1216 296 sit.

153 307 317 347 Accedit
343 307 486 355 eodem,
513 307 629 357 quod,
656 320 774 358 quum
796 308 836 346 in
861 307 1032 357 acropoli
1082 307 1262 358 raecipue
1283 306 1468 357 templum
1491 309 1614 347 numi-

53 359 124 405 nis,
152 357 257 407 quod
281 357 425 395 tutelae
450 357 556 395 urbis
581 359 737 407 praesit,
762 369 838 395 non
864 358 986 396 solum
999 358 1033 395 A
1077 357 1159 396 enis
1179 356 1248 396 sed
1270 356 1311 394 in
1335 357 1473 395 ceteris
1496 357 1613 396 etiam

53 407 237 447 Graeciae
264 406 423 446 urbibus
447 407 563 446 fuisse
589 410 754 455 constet,
785 407 911 447 minus
934 406 1100 458 intelligi
1123 409 1274 458 potest,
1300 406 1491 458 quomodo
1514 407 1612 447 Pani

52 457 166 496 simul
191 460 306 507 atque
329 457 370 495 in
394 457 490 496 urbe
516 458 690 507 cognitus
716 458 788 505 sit,
823 458 1006 508 spelunca
1028 457 1069 495 in
1089 457 1177 507 ipsa
1198 469 1288 497 acro
1340 457 1370 494 li
1385 456 1527 495 >dicata
1549 457 1610 495 sit.

52 507 250 552 Quomodo
275 518 364 544 vero
391 519 524 545 cursus
549 519 636 545 cum
661 507 827 556 facibus,
864 506 1155 557 conjunctioque
1181 519 1268 546 cum
1366 505 1518 544 metheo
1543 506 1610 545 de-

49 557 216 595 finienda
248 555 467 604 videantur,
503 569 601 606 quae
632 557 706 596 nisi
739 569 786 595 ex
819 560 958 596 natura
992 556 1073 607 ejus
1103 557 1297 607 primitiva
1321 555 1508 595 declarari
1532 568 1610 609 non

18 608 21 612 ’
50 608 219 655 possunt,
249 605 402 644 minime
426 606 608 655 intelligo.

149 654 225 693 Sed
249 654 348 692 illud
372 655 527 704 quidem
550 656 591 693 in
615 656 701 704 ipsa
724 655 896 693 locorum
920 667 1036 704 supra
1053 657 1431 694 commemoratorum
1445 654 1612 693 lectione

47 705 87 741 in
112 706 279 742 mentem
303 704 424 752 venit,
486 716 578 743 uare
610 705 642 743 si
675 705 780 754 apud
804 705 1053 743 Athenienses
1079 705 1159 742 Pan
1193 706 1308 743 antea
1332 704 1507 754 cognitus
1529 715 1607 742 non

47 753 173 801 fuerit,
201 753 264 791 hic
291 753 444 802 quidem
497 766 563 793 eus
590 756 904 793 commemoratus
929 754 996 801 sit,
1024 753 1089 804 qui
1114 753 1298 792 auxilium
1321 753 1459 802 ferret,
1484 765 1611 802 neque

46 803 208 850 Athena,
235 803 294 841 vel
320 803 469 852 Apollo,
495 804 557 841 vel
569 804 666 842 Zeus
691 804 833 842 aliusve
860 804 1016 842 deorum
1041 804 1237 854 majorum.
1276 804 1342 843 Sin
1358 805 1487 843 autem
1515 802 1609 842 deus

47 853 240 891 Arcadum
267 853 440 902 cognitus
465 856 559 902 erat,
586 855 651 904 qui
678 854 856 904 gregibus
880 856 1092 904 praeesset,
1120 853 1309 904 quomodo
1335 851 1611 911 explicandum>

46 905 245 952 putamus,
281 916 367 941 eum
400 903 472 941 hoc
505 903 591 942 loco
624 904 811 953 dignitate
835 905 994 943 multum
1021 903 1239 943 sublimiore
1264 903 1480 953 praeditum
1502 903 1607 952 fingi,

47 952 329 1009 qualitatesque
355 953 390 991 ei
414 953 543 1002 tribui,
570 955 709 1004 quibus
734 966 820 993 eum
845 954 949 1004 apud
974 953 1143 993 Arcades
1164 953 1290 992 minus
1307 952 1527 1002 praeditum
1548 952 1607 990 in-

46 1005 268 1041 vemamus‘?

145 1052 352 1090 Praeterea
384 1052 499 1090 etiam
532 1052 581 1090 de
613 1053 769 1091 oraculo
794 1053 1035 1102 Amphiarai,
1073 1051 1177 1102 quod
1202 1052 1343 1101 Oropi,
1378 1052 1419 1090 in
1444 1051 1541 1090 urbe
1564 1051 1606 1089 in

45 1100 185 1139 finibus
210 1102 361 1139 Atticae
387 1104 426 1140 et
449 1102 628 1140 Boeotiae
654 1104 738 1151 sita,
763 1103 921 1153 antiquo
942 1102 1024 1153 jam
1047 1104 1220 1152 tempore
1235 1101 1374 1150 floruit,
1401 1101 1505 1152 apud
1526 1113 1606 1140 om-

45 1163 114 1188 nes
141 1151 333 1200 cognitum
360 1154 435 1198 est,
462 1163 565 1199 eum,
593 1152 659 1200 qui
683 1152 879 1190 oraculum
905 1152 1136 1198 consuleret,
1162 1151 1350 1190 sacrificia
1373 1150 1605 1200 Amphiarao

46 1203 85 1236 et
111 1200 243 1237 decem
267 1201 496 1248 numinibus,
523 1213 621 1250 quae
647 1213 762 1239 unum
788 1201 911 1239 altare
936 1213 1023 1239 cum
1048 1213 1093 1239 eo
1118 1200 1315 1248 haberent,
1342 1202 1381 1238 et
1395 1200 1495 1238 inter
1509 1200 1606 1237 haec

45 1249 141 1287 Pani
172 1250 299 1288 facere
329 1250 481 1289 solitum
516 1262 609 1288 esse.
645 1249 708 1301 (cf.
743 1250 900 1290 Philost.
934 1251 1014 1289 vita
1045 1250 1170 1300 Apoll.
1206 1250 1256 1289 II.
1296 1251 1371 1299 37.)
1439 1249 1606 1299 Vigebat

45 1302 173 1337 autem
199 1300 394 1337 oraculum
416 1300 497 1349 jam
520 1303 692 1348 tempore
718 1301 866 1347 Croesi,
905 1301 972 1350 qui
1004 1301 1151 1350 legatos
1182 1300 1234 1338 ad
1267 1299 1380 1337 deum
1408 1299 1605 1337 consulen-

46 1349 137 1386 dum
161 1349 327 1387 miserat.
367 1349 630 1398 (Schoemann.
658 1351 722 1388 Gr.
749 1350 910 1388 Alterth.
937 1349 986 1387 11.
1013 1363 1050 1399 p.
1078 1350 1179 1398 297.)
1234 1348 1361 1395 Quare
1387 1348 1470 1399 jam
1495 1349 1604 1387 circi-

43 1401 104 1436 ter
138 1410 279 1436 annum
313 1402 385 1437 553
423 1411 457 1437 a.
494 1398 581 1437 Chr.
616 1411 653 1436 11.
689 1399 815 1438 cultus
847 1399 962 1438 Panis
991 1400 1031 1438 in
1065 1399 1214 1438 Atticae
1244 1398 1403 1437 urbibus
1430 1398 1604 1447 cognitus

45 1450 146 1495 erat,
183 1460 307 1497 neque
341 1448 489 1486 etiamsi
520 1449 784 1498 Epimenidem
818 1449 962 1487 cultum
996 1449 1165 1487 Athenas
1197 1448 1400 1498 pertulisse
1429 1451 1606 1497 putemus

45 1500 219 1546 apparet,
247 1497 436 1547 quomodo
457 1498 496 1535 in
521 1498 654 1547 paucis
680 1499 789 1537 annis
812 1500 1013 1548 tantopere
1038 1497 1253 1547 divulgatus
1274 1497 1342 1546 sit,
1381 1510 1498 1547 quum
1522 1509 1606 1536 sen-

44 1547 167 1604 tentia
181 1547 324 1585 Panem
338 1547 458 1604 Qropi
483 1559 568 1605 cum
593 1549 730 1587 ceteris
755 1549 829 1587 diis
852 1549 1010 1598 antiquo
1029 1549 1110 1598 ¹jam
1133 1550 1305 1597 tempore
1323 1547 1466 1586 cultum
1490 1547 1606 1586 fuisse

45 1597 419 1696 magigigffigassihgt
427 1598 901 1696 eisgcvssfflrhomenffi
934 1659 1016 1686 esse
1045 1649 1150 1697 puto.
1214 1646 1312 1704 Nam
1343 1646 1448 1697 quod
1472 1646 1605 1685 Hesio-

49 1696 120 1735 dus
144 1696 241 1746 frag.
271 1700 353 1735 185.
379 1710 418 1746 p.
446 1699 529 1735 293.
557 1697 673 1736 G6tt1.
701 1697 749 1735 de
775 1697 882 1734 cultu
906 1697 1063 1736 deorum
1089 1697 1301 1735 contendit:

288 1745 341 1792 ὥς
367 1762 411 1784 κε
436 1746 552 1792 πόλις
601 1748 720 1799 ἐζῃσι,
748 1749 868 1795 νόμος
894 1747 930 1784 δ’
955 1746 1115 1797 ἀρχαῖος
1140 1745 1310 1796 ἄριστος,

46 1807 70 1833 a
97 1796 151 1834 ud
171 1795 420 1834 Athenienses
443 1809 518 1834 non
543 1808 583 1834 so
602 1809 666 1834 um
690 1809 761 1845 per
779 1796 1026 1846 legislatores,
1053 1796 1195 1846 (Draco
1212 1807 1274 1845 ap.
1293 1795 1434 1845 Porph.
1448 1796 1497 1834 de
1511 1796 1608 1835 abst.

46 1845 65 1883 I
103 1876 111 1883 .
127 1846 203 1895 22.)
220 1846 288 1884 sed
302 1859 373 1897 per
390 1846 545 1885 oracula
561 1847 713 1896 saepius
733 1846 1037 1885 commendatum
1059 1849 1127 1885 est.
1165 1846 1297 1884 Cicero
1312 1845 1360 1884 de
1374 1846 1470 1897 legg.
1485 1844 1534 1884 11.
1552 1849 1608 1885 16.

46 1899 106 1934 40.
160 1896 285 1941 Quare
317 1896 357 1935 in
382 1896 602 1946 recipiendo
635 1909 731 1935 novo
764 1896 929 1946 quodam
961 1897 1065 1935 cultu
1100 1899 1203 1934 certe
1229 1895 1479 1935 Athenienses
1510 1896 1609 1936 sicut

46 1945 86 1982 in
113 1945 198 1983 aliis
222 1946 354 1993 rebus,
375 1958 452 1984 non
477 1958 547 1995 per
571 1945 842 1995 Phidippidem
867 1958 1070 1994 cursorem,
1097 1945 1165 1984 sed
1195 1958 1265 1996 per
1290 1946 1435 1985 oraculi
1460 1945 1609 1984 consul-

44 1997 127 2032 tum
161 1997 206 2032 ut
265 1995 390 2034 ublice
424 2008 534 2034 sacra
566 1996 757 2045 facerent,
791 1998 997 2035 commotos
1030 2008 1113 2035 esse
1145 1996 1333 2046 conjicere
1367 1996 1469 2035 licet.
1529 1995 1606 2035 Sed

45 2044 223 2094 hujusmo
251 2046 265 2083 i
290 2046 395 2095 apud
420 2046 625 2094 scriptores
649 2046 745 2083 nihil
772 2049 1105 2085 commemoratum
1133 2045 1311 2094 legimus,
1369 2058 1459 2083 uum
1485 2046 1606 2083 Hero-

46 2094 161 2131 dotus
186 2097 225 2131 et
258 2095 466 2132 Pausanias
491 2095 516 2133 l.
544 2107 576 2132 c.
602 2095 699 2132 nihil
731 2095 805 2134 nisi
836 2095 980 2133 cultum
1010 2098 1099 2145 post
1128 2106 1296 2145 pugnam
1414 2094 1608 2133 athoniam

48 2143 266 2181 institutum
291 2156 373 2183 esse
400 2174 409 2192 ,
436 2146 741 2184 commemorent.
767 2145 1032 2196 (Schoemann.
1060 2145 1176 2196 Opus.
1204 2145 1271 2184 Ac.
1296 2144 1365 2183 111.
1390 2157 1428 2195 p.
1454 2145 1557 2195 438.)

147 2209 322 2258 Denique
348 2209 473 2247 cultus
497 2210 612 2248 Panis
636 2210 676 2247 in
702 2212 812 2248 antro
837 2222 958 2259 prope
983 2210 1249 2248 Marathonem
1274 2209 1481 2247 secundum
1492 2209 1604 2248 Paus.

44 2257 73 2296 I.
103 2261 161 2296 32.
189 2262 224 2296 7.
251 2259 444 2309 antiquior
468 2258 584 2299 fuisse
608 2259 770 2308 videtur,
798 2272 913 2310 quam
937 2262 980 2298 ut
1033 2261 1093 2298 ost
1112 2271 1279 2309 pugnam
1294 2258 1350 2298 ibi
1369 2258 1605 2298 commissam

42 2308 524 2407 {justiiggtugeezslffiripossit
594 2308 721 2356 Quare
758 2309 957 2360 praeclare
1046 2309 1220 2348 elckerus
1255 2309 1405 2349 Griech.
1442 2309 1602 2349 Gotterl.

266 2423 340 2462 »Es
363 2423 415 2461 ist
438 2423 772 2473 wahrscheinlich,
800 2425 889 2463 dass
913 2424 976 2462 die
1001 2424 1088 2462 dem
1111 2424 1193 2463 Pan
1217 2424 1428 2474 geweihten
1453 2423 1603 2463 Hohlen

403 2485 472 2511 aus
495 2474 640 2512 fernem
664 2474 881 2512 Alterthum
904 2474 1144 2521 iiberliefert,
1170 2474 1277 2512 nicht
1302 2477 1400 2512 etwa
1424 2474 1486 2512 ein
1510 2474 1603 2513 Pro-

403 2522 616 2612 ggigtSiggr«
630 2523 964 2624 pssiilosophischen
989 2523 1250 2574 Betraohtung
1284 2523 1353 2562 des
1376 2523 1458 2562 Pan
1482 2534 1603 2573 gewe-

142 2637 267 2682 Quare
292 2639 336 2675 ut
359 2637 493 2687 paucis
518 2637 643 2676 dicam
667 2639 707 2676 in
733 2638 978 2677 difficultates
1003 2638 1108 2677 haud
1132 2650 1271 2689 parvas
1306 2637 1535 2685 delabimur,
1570 2637 1603 2675 si

40 2688 267 2725 sententiam
300 2699 431 2726 eorum
457 2688 763 2737 comprobamus,
796 2689 862 2738 qui
886 2689 1009 2738 locos,
1037 2702 1133 2739 quos
1157 2701 1283 2738 supra.
1302 2686 1600 2733 commemoravi,

84 2836 106 2878 ¹)
129 2836 170 2870 cf.
193 2836 415 2871 Schoemann.
438 2837 492 2870 Gr.
517 2837 660 2871 Alterth.
683 2838 722 2871 11.
746 2839 816 2871 469.
