1731 2980
698 44 948 79 -20-

43 155 119 192 quo
144 142 184 180 in
209 141 399 190 mysteriis
423 139 610 198 fungitur,
636 140 843 189 praecipue
870 139 1061 179 elucescit.
1115 141 1242 187 Quare
1269 135 1493 184 Welckerus
1514 143 1604 184 Tril.

42 206 80 242 p.
109 195 203 230 217..
221 191 269 230 de
294 202 340 229 eo
365 190 462 229 haec
485 190 567 228 iere
592 189 704 229 dicit:
819 225 822 227 ,
969 225 971 228 ⁴
1164 222 1165 225 ,
1422 220 1438 240 ἶ,
1514 229 1516 234 ,
1568 214 1570 237 :

263 241 389 279 »Aber
412 252 455 278 er
478 240 586 280 hatte
609 241 709 278 auch
732 240 935 290 geistigere
960 241 1063 279 Seite
1091 240 1161 280 der
1174 241 1347 291 Religion
1367 242 1448 281 und
1466 242 1610 284 konnte

344 290 402 329 als
425 289 577 329 solcher
602 289 665 331 die
689 289 781 330 Idee
805 290 874 331 des
898 290 1060 330 Kosmos
1083 290 1155 331 auf
1174 290 1256 335 sich
1278 291 1451 334 beziehn.-
1498 292 1609 336 Denn

341 353 416 378 nur
439 341 608 379 insofern
633 354 675 380 er
698 341 1033 391 Bildungsprincip
1058 342 1130 390 ist,
1162 341 1305 380 konnte
1337 355 1380 381 er
1409 343 1608 385 Kadmilos

341 390 367 427 i.
394 402 426 427 e.
451 390 644 430 Kosmilos
667 393 836 440 genannt
858 390 1044 432 werden«
1196 437 1199 438 ⁷
1545 425 1547 429 .

145 440 258 492 Apud
282 439 462 490 Pelasgos
494 439 611 490 igitur
640 452 800 480 ‚munere
833 440 896 480 dei
930 442 1127 490 pastorum
1149 439 1301 481 functus
1339 453 1422 481 esse
1448 441 1608 491 videtur,

45 495 162 542 atque
186 492 226 530 in
250 489 418 529 Arcadia
442 491 481 528 et
502 491 544 530 in
567 491 696 530 Attica
718 503 805 529 eum
829 490 1039 540 antiquitus
1072 490 1216 530 cultum
1240 503 1342 539 esse,
1377 491 1605 530 concludere

43 542 188 629 hoetln
212 588 379 629 Arcadia
401 600 504 637 vero,
530 601 647 639 quum
672 598 675 600 ·
697 589 877 639 raecipue
890 590 929 628 in
947 590 1074 628 monte
1087 580 1243 640 Cyllene
1267 590 1467 639 coleretur,
1492 590 1604 631 Paus.

46 641 149 679 VIII.
182 644 253 678 14.v
267 644 301 678 7.
322 640 404 696 jam
428 640 638 688 antiquitus
660 602 767 678 illam
798 640 1038 688 qualitatem,
1097 651 1148 678 ua
1179 640 1273 678 deus
1302 643 1499 689 pastorum
1537 643 1606 687 est,

46 690 141 728 Pani
166 701 396 728 concessisse
421 690 538 738 atque
563 701 610 727 ea
633 688 683 727 de
706 700 822 727 causa
844 689 927 728 Pan
950 685 1052 728 filius*
1112 689 1267 728 ermetis
1300 689 1405 739 apud
1439 689 1609 731 Arcades

44 740 262 779 nominatus
287 751 369 778 esse
393 738 554 777 videtur.

144 790 190 827 In
222 790 353 828 Attica
382 801 472 827 vero
512 789 674 827 fortasse
705 790 866 830 Hermes
901 789 1093 838 duplicem
1127 788 1352 838 qualitatem
1388 800 1606 838 expressam

45 839 191 886 habuit,
217 839 321 888 apud
345 850 429 876 eam
454 840 604 887 partem
620 838 766 888 populi,
792 851 891 888 quae
915 850 1096 888 pecorum
1110 837 1282 883 culturae
1305 849 1461 895 operam
1486 837 1608 886 daret,

44 888 259 927 naturalem
290 890 334 927 ut
356 888 413 926 ita
438 888 582 936 dicam,
627 888 732 939 apud
757 888 959 938 optimates
982 900 1089 936 vero,
1116 900 1233 938 quum
1258 890 1608 938 0011]111101118,68861

46 951 133 977 cum
158 938 321 986 Athena,
346 939 476 987 Apoll.
503 938 571 977 III.
588 941 645 976 14.
662 942 695 977 3.
723 939 832 977 Ovid.
857 939 1010 977 Metam.
1022 938 1073 978 Π.
1093 941 1177 976 724.
1203 937 1461 979 sublimiorem
1483 937 1601 975 illam.

149 987 395 1038 Epimenides
419 989 566 1036 autem,
600 987 634 1025 si
667 987 813 1026 cultum
843 988 957 1026 Panis
992 986 1258 1026 Athenienses*
1289 987 1408 1025 rimus
1433 985 1606 1028 docuisse

46 1039 170 1076 fertur
184 1068 194 1086 ,
230 1038 391 1077 fortasse
428 1038 647 1076 Hermetem
683 1038 808 1086 illum,
858 1049 971 1088 quem
1015 1039 1188 1087 pastores
1225 1049 1270 1076 co
1286 1037 1424 1085 ebant,
1465 1037 1608 1078 Panem

48 1088 276 1135 nominavit,
327 1088 507 1137 quoniam
552 1100 639 1126 cum
683 1088 787 1125 Pane
833 1087 1025 1133 Arcadum
1072 1087 1198 1125 omino
1246 1087 1472 1126 conveniret.
1549 1088 1608 1126 Ea

49 1137 97 1174 de
134 1148 251 1174 causa
286 1136 429 1175 Panem
474 1148 551 1174 non
582 1136 702 1174 filium
740 1137 930 1175 Hermetis
946 1166 955 1184 ‚
1006 1135 1075 1176 sed
1113 1135 1218 1175 Jovis
1257 1136 1469 1178 nominasse
1507 1136 1610 1176 vide-

47 1190 112 1225 tur
125 1217 134 1234 ,
181 1186 285 1237 quod
317 1186 460 1225 Panem
498 1186 606 1225 illum
641 1187 860 1226 Hermetem
897 1186 1012 1226 fuisse
1054 1186 1299 1226 demonstrat.
1372 1186 1467 1225 Tum
1505 1199 1607 1235 vero,

50 1249 168 1286 quare
201 1236 306 1292 apud
330 1237 579 1275 Athenienses
610 1237 650 1274 in
674 1237 777 1275 Pane
803 1237 1008 1285 praecipue
1039 1236 1245 1285 qualitates
1279 1236 1517 1279 sublimiores
1543 1249 1608 1276 ex-

47 1298 201 1335 pressas
233 1286 486 1333 mveniamus,
521 1298 638 1335 quum
670 1286 876 1335 qualitates
908 1286 1099 1326 Hermetis
1129 1285 1169 1323 in
1189 1297 1288 1324 >eum
1321 1284 1484 1325 collatae
1519 1286 1605 1334 sint,

48 1336 193 1375 clarum
217 1336 536 1386 perspicuumque
562 1336 745 1374 efficitur.-

146 1385 223 1423 Sed
247 1388 335 1422 utra
360 1386 548 1423 sententia
571 1385 708 1431 valeat,
735 1385 950 1423 discernere
974 1397 1051 1422 non
1076 1385 1218 1432 audeo3
1245 1385 1342 1422 illud
1367 1388 1494 1422 autem
1519 1397 1606 1434 per-

48 1446 203 1473 suasum
227 1433 363 1482 habeo,
391 1434 534 1472 cultum
558 1435 673 1473 Panis
692 1434 774 1484 jam
804 1437 894 1473 ante
919 1446 1087 1484 pugnam
1111 1434 1390 1473 Marathoniam
1415 1434 1607 1485 Epimeni-

50 1485 185 1535 disque
210 1486 375 1523 aetatem
398 1485 438 1522 in
462 1484 591 1523 Attica
616 1485 807 1533 cognitum
830 1486 956 1524 fuisse.

148 1534 368 1581 Praeterea,
403 1534 436 1572 si
459 1534 696 1583 in'tempora
728 1534 870 1572 fabulis
898 1534 1115 1583 mythisque
1139 1534 1303 1572 obscura
1325 1534 1478 1582 regredi
1500 1534 1605 1572 volu-

48 1594 150 1630 mus,
175 1595 316 1621 nexum
339 1583 440 1620 inter
464 1583 629 1621 Atticam
653 1582 1029 1640 Peloponnesumque
1055 1583 1230 1621 intimum
1253 1594 1393 1633 negare
1418 1595 1493 1622 non
1518 1595 1605 1632 pos-

48 1645 188 1671 sumus.
212 1633 311 1671 Nam
335 1633 471 1683 Lycus,
524 1633 565 1670 ui
579 1632 630 1670 ad
644 1633 851 1672 Messenios
870 1634 1091 1682 religionem
1114 1633 1214 1682 tulit,
1239 1633 1479 1672 Atheniensis
1503 1638 1603 1681 erat3

47 1682 160 1720 Paus.
186 1683 251 1721 IV.
280 1686 312 1721 1.
341 1685 373 1720 5.
400 1684 439 1720 et
462 1646 561 1720 Pffiii
583 1683 721 1720 iterum
749 1682 1041 1738 Atheniensibus
1073 1695 1182 1732 reges
1215 1683 1420 1731 dederunt,
1460 1683 1604 1721 Melan-

47 1731 157 1769 thum
180 1735 219 1769 et
248 1731 425 1770 Codrum.
518 1733 577 1769 ost
607 1730 750 1770 bellum
780 1732 917 1770 demde
951 1732 1200 1771 Messenicum
1233 1732 1398 1783 primum
1429 1731 1604 1771 Messenii

47 1781 159 1819 multi
184 1781 402 1820 Eleusinem
427 1782 648 1830 migrarunt,
675 1782 786 1820 Paus.
814 1782 879 1821 IV.
908 1785 964 1820 14.
994 1785 1026 1820 1.
1053 1785 1094 1820 at
1121 1794 1169 1821 ue
1196 1783 1390 1822 Caucones
1413 1782 1510 1829 illos,
1540 1783 1607 1832 qui

47 1831 220 1878 donibus,
247 1843 364 1880 quum
388 1831 428 1869 in
448 1831 578 1869 Asiam
601 1831 821 1880 migrarent,
844 1834 1059 1881 praeerant,
1083 1795 1301 1870 Herodotus
1317 1835 1348 1869 1.
1372 1836 1453 1870 147.
1480 1832 1607 1881 Pylios

45 1881 217 1918 nominat
242 1893 289 1918 ex
318 1882 431 1929 gente
463 1880 659 1918 Melanthi.
719 1880 872 1919 Incolae
909 1880 1088 1931 Caphyae
1118 1893 1224 1928 vero,
1259 1881 1391 1930 oppidi
1417 1881 1605 1929 Arcadici,

49 1929 101 1968 ab
126 1929 420 1968 Atheniensibus
445 1932 549 1968 ortos
575 1942 615 1967 se
640 1942 721 1968 esse
747 1929 889 1968 dicunt.
915 1929 1028 1969 Paus.
1054 1929 1156 1969 VIII.
1184 1933 1243 1969 23.
1272 1933 1306 1968 3.

147 1978 273 2025 Quare
297 1979 331 2017 si
354 1981 560 2028 antequam
583 1980 706 2017 Dores
730 1980 769 2016 in
793 1979 1096 2028 Peloponnesum
1120 1980 1328 2029 migrarent
1361 1979 1485 2018 cultus
1515 1979 1605 2028 reli-

46 2029 185 2078 gioque
209 2028 420 2067 incolarum
444 2028 697 2078 Peloponnesi
721 2029 853 2068 similis
875 2029 991 2068 fuisse
1021 2029 1190 2077 videtur,
1225 2028 1504 2068 conclusionem
1529 2029 1606 2068 for-

46 2082 148 2116 tasse
172 2079 300 2116 facere
332 2078 442 2126 licet,
477 2091 547 2135 per
572 2079 707 2126 Jones,
742 2079 807 2128 qui
832 2079 916 2128 ipso
942 2079 1182 2118 Doriensium
1207 2080 1352 2128 impetu
1376 2079 1541 2128 repressi
1564 2079 1604 2116 in

46 2128 214 2166 Atticam
238 2128 461 2177 migrarunt,
485 2141 525 2165 111
552 2140 787 2177 quorumque
811 2139 968 2167 numero
992 2131 1092 2167 teste
1113 2128 1310 2166 Herodoto
1334 2126 1363 2165 Ι.
1381 2131 1462 2165 1246.
1488 2128 1604 2165 etiam

46 2177 217 2215 Arcades
243 2179 363 2225 erant,
391 2177 534 2215 cultum
559 2177 674 2216 Panis
697 2178 737 2216 in
762 2178 929 2217 Atticam
956 2178 1146 2228 perlatum
1171 2188 1266 2218 esse.
1299 2176 1397 2224 Tum
1420 2176 1535 2225 etiam
1558 2176 1604 2215 il-

46 2226 116 2264 lud
140 2227 383 2275 perspicuum
418 2239 499 2265 esse
532 2229 645 2275 puto,
677 2227 780 2276 quod
815 2227 864 2265 de
896 2227 1090 2276 Apolline,
1159 2239 1248 2266 uem
1277 2228 1416 2266 vocant
1449 2229 1604 2277 Νόμιον

48 2278 382 2323 commemoratur,
407 2276 448 2314 in
472 2276 588 2313 Italia
611 2279 727 2325 atque
748 2276 882 2315 insulis
907 2288 993 2315 eum
1018 2277 1132 2315 deum
1183 2288 1229 2315 00
1253 2276 1404 2319 1101111116
1428 2287 1510 2315 6886
1534 2287 1602 2326 ap-

46 2324 233 2374 pellatum
248 2355 256 2371 ,
291 2337 404 2374 quem
436 2325 607 2364 Arcades
640 2330 755 2375 atque
786 2326 920 2364 rustici
954 2327 1030 2365 sive
1063 2328 1237 2376 pastores
1270 2326 1389 2365 Attici
1423 2325 1603 2372 colerent,

47 2374 168 2424 (locos
191 2374 333 2412 videas.
359 2386 420 2423 ap.
447 2375 635 2412 Welcker.
661 2375 726 2414 Gr.
754 2375 867 2415 Gttrl.
893 2388 930 2424 p.
958 2376 1059 2425 487.)
1092 2378 1133 2413 at
1161 2387 1210 2413 ue
1240 2375 1459 2423 Dorienses,
1490 2386 1604 2425 quem

46 2424 217 2462 colerent
241 2422 456 2473 Apollinem
482 2427 672 2475 Καρνεῖον
698 2425 775 2464 sive
808 2427 979 2475 Νόμιον,
1018 2431 1103 2465 611111
1169 2426 1251 2465 anis
1274 2424 1454 2465 Arcadici
1486 2428 1602 2475 atque

45 2474 165 2512 Attici
190 2474 350 2511 similem
374 2473 564 2512 habuisse.

146 2522 222 2561 Sed
246 2522 315 2561 illa
338 2535 466 2561 rerum
491 2523 722 2563 Graecarum
754 2524 934 2563 historiae
959 2536 1050 2574 pars
1073 2526 1273 2574 tantopere
1303 2522 1445 2563 tabulis
1469 2525 1604 2563 ornata

45 2574 162 2622 atque
188 2585 234 2611 ea
259 2573 308 2610 de
334 2584 450 2611 causa
473 2576 553 2611 tam
578 2574 741 2612 obscura
766 2577 834 2622 est,
859 2577 904 2612 ut
928 2575 1079 2613 omnino
1095 2587 1180 2614 11011
1210 2575 1358 2625 liqueat
1382 2576 1603 2623 certumque

43 2623 301 2661 testimonium
327 2634 375 2660 ex
400 2635 445 2660 ea
469 2623 664 2672 perhiberi
688 2625 856 2673 nequiat.
1465 2638 1469 2642 ’

144 2673 315 2722 Augetur
346 2685 436 2711 vero
466 2686 771 2730 magnopereque
804 2674 1048 2713 confirmatur
1073 2674 1277 2722 sententia,
1303 2674 1446 2712 Panem
1470 2672 1511 2711 in
1535 2673 1603 2712 At-

44 2722 123 2759 tica
143 2722 223 2771 jam
248 2725 337 2760 ante
370 2722 606 2773 Epimemdis
641 2725 806 2762 aetatem
839 2724 1030 2773 cognitum
1061 2724 1196 2771 fuisse,
1229 2722 1435 2774 praecipue
1469 2734 1516 2761 ea
1548 2732 1601 2768 re,

44 2771 164 2823 quod,
192 2772 224 2810 si
251 2785 319 2821 per
345 2771 447 2811 hunc
471 2773 635 2823 primum
661 2773 830 2812 Athenas
856 2774 999 2813 cultum
1023 2773 1214 2824 perlatum
1239 2785 1321 2813 esse
1345 2774 1537 2823 putemus,
1563 2769 1602 2808 in
