1731 2980
750 35 1000 70 -54-

92 144 178 218 futu
202 131 376 171 habitum
401 142 483 170 esse
509 142 557 169 ex
582 143 615 168 v.
635 133 692 169 15.
720 130 896 169 concludi
920 129 1022 179 licet,
1048 130 1116 177 ubi
1139 129 1236 170 haee
1250 130 1432 178 ,desasto
1445 132 1567 180 Eauni
1587 133 1650 175 die

109 194 128 219 e
156 194 272 220 unus:
1641 220 1645 224 ,

130 195 154 231 g
333 230 485 270 Gaudet
507 229 667 268 invisam
691 228 883 279 pepulisse
908 232 1051 269 terram

430 280 504 318 Ter
528 278 626 329 pede
650 279 782 318 fossor.
804 280 831 320 ’δ

191 330 388 369 Sacrificia
410 342 500 367 vero
525 328 732 367 secundum
749 328 841 367 Hor.
868 329 894 369 1.
922 341 953 367 c.
980 342 1013 366 v.
1042 332 1075 367 5.
1103 332 1136 366 7.
1166 332 1199 367 8.
1226 330 1336 371 tener
1351 329 1509 378 haedus,
1536 331 1646 382 larga

90 379 179 416 vina
192 409 201 426 ,
234 381 398 428 turaque
430 378 470 416 in
503 390 574 417 ara
605 377 792 415 fumantia
814 378 930 417 fuisse
961 377 1147 416 videntur.
1202 377 1250 416 cf.
1274 378 1448 420 Lambin.
1477 379 1529 417 ad
1552 379 1645 429 Hor.

91 440 207 466 carm.
233 428 264 467 I.
291 432 326 467 4.
355 431 411 466 11.
438 429 478 465 et
505 430 562 466 17.
591 429 648 466 10.
694 426 790 465 Cum
813 427 874 465 his
898 429 1026 466 autem
1050 428 1090 465 et
1112 426 1343 476 posteriores
1360 428 1497 477 poetae
1508 428 1647 478 Latini,

92 481 137 516 ut
159 478 229 517 Sil.
254 478 339 516 Ital.
366 477 471 515 XIII.
500 479 583 515 327.
610 489 666 526 sq.
694 479 734 514 et
758 476 841 515 Val.
867 476 1027 515 Flaccus
1050 475 1119 515 III.
1145 480 1206 515 46.
1279 507 1288 514 .
1315 476 1467 515 omnino
1493 489 1648 518 consen—

87 527 206 614 tiiunt,
246 527 302 565 ita
334 529 378 564 ut
408 538 473 564 eos
497 526 640 564 Panem
666 528 706 563 et
728 523 902 564 Faunum
926 526 1089 565 eundem
1120 525 1235 564 deum
1309 525 1437 565 buisse
1462 527 1571 576 sequi
1594 529 1648 566 vi-

118 578 238 615 eatur.

187 625 346 665 Accedit
370 626 523 673 eodem,
564 623 669 673 quod
693 625 798 663 Serv.
825 625 940 675 Verg.
965 626 1059 663 Aen.
1085 624 1189 663 VIII.
1216 628 1300 665 600.
1327 637 1415 664 eum
1438 624 1536 663 adeo
1562 637 1648 674 cum

86 675 192 713 Pane
217 674 425 714 secundum
450 673 703 725 Orphicorum
728 673 941 713 doctrinam
966 675 1197 714 commutare
1220 686 1298 714 non
1323 673 1485 714 dubitat.
1545 673 1649 714 Dicit

89 725 192 764 enim
215 725 386 764 Faunum
412 738 489 764 non
514 736 595 763 esse
631 722 743 762 deum
767 736 949 774 pecorum
980 726 1020 762 et
1043 736 1238 773 agrorum,
1274 724 1342 764 sed
1374 723 1479 774 quod
1509 723 1648 766 Graeci

85 774 223 812 ὑλικόν
247 777 350 811 ’θεόν
373 776 564 830 vocarent,
582 771 664 829 ’ὕλη
691 776 820 811 autem
844 774 947 830 idem
971 783 1065 821 esse,
1091 773 1196 822 quod
1219 773 1390 822 materia,
1416 772 1646 823 significare-

88 835 164 928 Ῥω
184 821 985 929 ἕζὲἓὴὲῒέῃῗυὲἒῗῇἃᾞῗῗυᾙὲ
1009 872 1256 928 similitudine
1279 884 1366 910 cum
1390 872 1495 910 Pane
1519 872 1647 919 dicere

87 934 127 958 1n
153 933 279 959 ammo
305 925 407 969 erat,
446 923 548 960 unde
573 923 763 960 sententia
786 933 935 969 eorum,
969 933 1035 971 qm
1059 920 1289 959 vocabulum
1313 921 1467 959 Faunus
1491 923 1645 971 avgpoe'm,

86 975 214 1022 φαίνω
250 971 462 1011 derivatum
494 974 652 1023 putant,
691 973 794 1011 certe
826 972 946 1023 magis
979 971 1029 1011 ad
1062 970 1124 1011 dei
1156 973 1332 1011 naturam
1367 970 1646 1022 qualitatesque

86 1023 279 1069 pertinere
304 1023 465 1061 videtur.

186 1071 312 1110 Unum
338 1072 464 1110 adhuc
488 1073 619 1118 restat,
644 1072 687 1108 ut
710 1082 834 1120 pauca
858 1070 906 1109 de
931 1069 1097 1110 Panibus
1122 1070 1200 1109 sive
1225 1070 1413 1118 Paniscis‚
1441 1082 1646 1120 eorumque

85 1132 110 1158 a
134 1121 281 1171 Satyris
305 1121 522 1161 discrimine
553 1121 688 1160 dicam.

786 1289 833 1348 5.
873 1290 942 1332 14.

640 1411 713 1455 De
748 1412 1022 1457 Paniscis.
1050 1412 1084 1463 ²)

185 1526 344 1565 Veteres
368 1526 573 1576 scriptores
604 1527 754 1576 saepius
787 1527 911 1566 Panes
945 1526 1022 1566 sive
1061 1526 1241 1566 Paniscos
1273 1526 1470 1565 nominant
1503 1538 1641 1577 eosque

86 1589 173 1615 cum
197 1577 339 1615 Faunis
364 1579 403 1614 et
428 1577 564 1615 Silenis
590 1580 628 1615 et
653 1578 798 1627 Satyris
823 1579 861 1615 in
886 1577 1078 1616 montibus
1103 1578 1246 1616 versari
1269 1578 1429 1627 fingunt.
1445 1578 1473 1627 ³)

186 1626 398 1663 Discrimen
425 1639 512 1664 vero
537 1628 638 1664 inter
663 1628 828 1674 Silenos,
864 1628 1019 1676 Satyros
1055 1629 1171 1675 atque
1201 1627 1324 1665 Panes
1357 1629 1400 1664 ut
1435 1626 1641 1664 constitua-

89 1688 193 1723 mus,
220 1687 244 1712 a
269 1675 397 1713 Sileno
422 1675 610 1713 ordiunda
635 1676 843 1725 disputatio
868 1675 1029 1714 videtur.

189 1725 339 1763 Silenus
364 1725 571 1762 secundum
596 1725 707 1763 Paus.
734 1725 802 1763 III.
830 1728 890 1765 25.
918 1728 952 1763 2.
978 1726 1019 1763 in
1043 1725 1170 1763 Malea
1193 1725 1451 1774 promontorio
1487 1727 1599 1763 natus
1607 1727 1638 1774 ¹⁴)

86 1786 111 1812 a
154 1787 203 1812 uo
228 1774 354 1812 etiam'
369 1774 541 1824 Marsyas
565 1775 782 1824 appellatus
793 1775 821 1824 ⁵)
849 1775 1010 1812 daemon
1027 1786 1150 1824 aquae
1166 1774 1318 1813 fluentis
1329 1774 1505 1824 primitus
1524 1774 1639 1813 fuisse

85 1825 122 1861 vi
150 1827 253 1871 etur,
272 1824 302 1870 ⁰)
330 1835 451 1873 eaque
477 1824 525 1861 de
552 1835 684 1872 causa,
712 1837 828 1873 quum
854 1833 973 1873 equus
1000 1835 1140 1873 aquam
1167 1823 1346 1862 fluentem
1368 1826 1638 1873 repraesentet,

85 1886 172 1911 cum
198 1873 322 1912 cauda
346 1873 486 1923 equina
511 1873 738 1923 depingitur.
760 1875 787 1923 ⁷)
839 1874 977 1912 Postea
1001 1886 1108 1922 vero,
1135 1886 1252 1923 quum
1277 1873 1383 1912 chori
1408 1874 1638 1960 ὃαῗτοτιιω,

83 1924 152 1972 qui
177 1935 262 1960 cum
289 1923 446 1973 Dionysi
471 1923 577 1961 cultu
600 1924 732 1961 intime
759 1923 1032 1970 cohaerebant,
1067 1936 1154 1961 cum
1187 1923 1314 1962 Sileno
1340 1923 1403 1961 dei
1435 1935 1455 1960 e
1484 1925 1639 1961 ucatore

84 1972 422 2023 conjungerentur,
447 1974 560 2022 pater
583 1972 805 2024 Satyrorum
829 1972 1108 2011 nominabatur.
1127 1973 1158 2023 8“)
1209 1972 1335 2019 Quare
1360 1972 1474 2011 etiam
1498 1972 1539 2010 hi
1563 1985 1637 2012 non

127 2123 149 2164 ¹)
171 2122 262 2154 Serv.
283 2121 328 2154 ad
349 2121 449 2163 Verg.
469 2122 552 2154 Aen.
574 2121 645 2154 VII.
666 2122 716 2153 91.
737 2124 835 2154 notat
849 2146 857 2162 ,
886 2122 1039 2153 Faunum
1063 2131 1136 2154 esse
1157 2121 1258 2154 deum
1278 2123 1452 2168 terrenum
1473 2121 1496 2153 i.
1519 2130 1548 2153 e.
1569 2120 1639 2168 yim

164 2163 507 2211 terranfrugiferam,
529 2165 641 2204 atque,
665 2173 768 2203 quum
789 2174 874 2204 quae
896 2164 957 2195 sub
981 2167 1075 2195 terra
1095 2165 1178 2204 sint,
1199 2172 1330 2204 saepius
1351 2164 1514 2203 noceant,
1536 2163 1638 2194 etiam

125 2247 148 2288 2)
165 2215 815 2335 ἓέζξΐὲἒὲἒᾷἓῗὲᾯγῗὲτᾚέἑτέἕρ.
837 2246 954 2278 Roem.
977 2245 1073 2335 Stud.
1093 2245 1131 2278 11.
1153 2255 1187 2288 p.
1210 2247 1280 2334 124.
1302 2255 1352 2286 sq.
1382 2244 1425 2277 de
1447 2241 1638 2357 diser-imin?

124 2330 148 2370 ⁸³
166 2329 309 2403 {3200‘322
331 2339 384 2402 ῗὲἷξ
403 2327 1571 2411 1⁸5ss{iossst41⁷‹1ss1.51²1t1³.'‘35.²3301'2‘333323“issssefffflci‘ssfssssl
1595 2337 1639 2417 32}

164 2415 234 2447 nat.
256 2412 348 2445 deor.
369 2412 427 2444 111.
450 2414 499 2444 17.
542 2412 637 2446 Ovid.
659 2412 795 2444 Metam.
817 2413 903 2445 XIV.
924 2411 1053 2444 heroid.
1094 2411 1128 2444 V.
1154 2413 1221 2443 171.
1254 2411 1356 2452 Verg.
1380 2410 1490 2443 Culex.
1511 2413 1562 2443 93.
1598 2409 1636 2442 ct.

123 2495 147 2535 ⁴)
165 2453 690 2543 (Ιξῗιῖιᾶᾞὲὲῃπὶὲἕιῗὲηὸῑῗυὲζ
711 2454 805 2528 ilisp'
829 2456 898 2486 ω’
920 2464 953 2485 n.
975 2454 1026 2488 88⁹
1074 2500 1078 2503 “

122 2537 147 2575 ⁵)
170 2537 265 2569 Paus.
288 2537 329 2570 11.
350 2539 380 2569 7.
400 2539 449 2576 8.;
471 2539 521 2569 22.
542 2539 573 2571 9.
594 2537 761 2579 Bottiger.
782 2538 852 2582 Att.
874 2538 958 2569 Mus.
982 2538 1010 2568 1.
1032 2538 1062 2569 2.
1083 2547 1116 2578 p.
1138 2537 1208 2569 354.
1232 2534 1273 2568 cf.
1293 2536 1420 2583 P·.32⁰·

123 2579 147 2621 ὃ)
168 2580 264 2611 Paus.
285 2578 412 2625 VI324.
435 2581 463 2611 6.
505 2579 604 2620 Prop.
625 2579 682 2611 111.
704 2583 734 2611 3.
755 2582 806 2614 29.
828 2579 870 2611 cf.
892 2579 1057 2626 Welcker.
1077 2578 1216 2611 Nachtr.
1238 2589 1265 2610 z.
1285 2577 1362 2624 Tril.
1385 2587 1418 2618 p.
1444 2578 1515 2609 214.
1545 2576 1639 2608 Gess-

163 2630 235 2651 ner.
247 2619 300 2667 'de
318 2620 434 2667 §lieno
456 2621 491 2651 et
512 2620 642 2668 Silenis.
665 2631 786 2669 comm.
814 2621 999 2668 ‘Goettm-g.
1030 2623 1099 2668 ant.
1130 2620 1168 2654 T.
1191 2620 1245 2667 IV„
1269 2621 1367 2651 1782.ι
1380 2629 1414 2659 p.
1435 2621 1486 2650 35.
1529 2618 1638 2658 Quare

164 2672 295 2702 saeplus
315 2672 351 2693 m
372 2664 600 2710 monumentis
621 2663 767 2704 antiquis
788 2662 942 2710 Silenum·
960 2672 1160 2717 invenimus,
1181 2671 1239 2702 qm
1261 2671 1302 2693 ex
1324 2661 1487 2702 amphora
1508 2660 1637 2693 fontem

124 2704 953 2792 v,{Ziss‘ssffisfflss‘ffitffkffif*³15⁰ssi>3f⁰¹¹¹¹³e³¹·
975 2715 1007 2744 p·
1031 2707 1102 2736 ³⁷²·
1125 2715 1173 2744 ΒΨ
1532 2772 1539 2779 .,

122 2786 147 2828 ⁸)
166 2786 320 2861 ss?{}d‘
343 2787 491 2829 Cyclops.
515 2789 584 2820 268.
607 2790 678 2822 271.
698 2788 781 2821 Poll.
804 2788 855 2821 lv.
881 2789 929 2822 19.
952 2790 980 2820 4.
1003 2787 1166 2824 Gerhartl.
1186 2787 1272 2829 Hyp.
1295 2787 1410 2820 Roem.
1433 2786 1527 2820 Stud.
1545 2784 1585 2818 11.
1603 2793 1636 2825 p.
