1731 2980
738 26 957 59 -6-

165 123 276 168 Quod
302 122 457 179 quidem
482 122 533 160 ad
557 121 765 171 Phrygiam
787 122 972 171 pertinet,
998 121 1127 169 magni
1151 120 1332 158 momenti
1357 119 1509 158 videtur
1531 132 1624 168 esse,

65 172 168 223 quod
182 171 433 223 Hyagmdem‚
464 171 530 221 qui
555 171 723 210 fistulam
747 170 943 218 invenerit,
970 183 1016 209 ea
1037 171 1198 208 matrem
1212 168 1380 217 deorum,
1405 169 1506 208 Dion
1614 200 1624 218 ,

62 224 205 261 Panem
231 222 421 269 cecinisse,
446 221 610 260 relatum
636 222 806 272 legimus.
835 223 862 271 ι)
922 220 1027 267 Quae
1054 219 1209 270 quidem
1233 219 1348 258 Panis
1373 232 1460 258 cum
1539 219 1625 259 bele

64 273 279 322 conjunctio
304 272 456 320 saepius
481 274 808 320 commemoratur,
834 275 950 320 atque
973 271 1048 308 nisi
1074 282 1121 308 ex
1149 268 1314 320 quadam
1339 271 1500 308 naturae
1523 270 1640 307 simi-v

61 322 226 360 litudine
253 321 442 359 declarari
466 333 542 359 non
567 323 706 370 potest.
730 322 760 370 ²)
937 328 940 330 ’
1488 339 1490 341 v

162 371 322 409 Accedit
347 370 493 417 eodem,
520 370 625 420 quod
648 371 744 409 Pani
769 371 902 421 pinum
926 381 1076 408 sacram
1100 369 1217 408 fuisse
1241 368 1413 419 legimus,
1440 379 1540 416 quae
1563 379 1626 406 ar-

62 421 134 459 bor
163 421 204 458 in
238 421 343 458 cultu
376 420 537 470 Cybeles
568 433 663 469 prae
698 422 835 459 ceteris
867 419 979 458 valet.
1000 419 1028 469 3)
1091 419 1265 469 Denique
1302 420 1495 456 certamen
1527 416 1626 455 illud

62 481 176 519 saepe
207 481 232 508 a
264 469 514 518 scriptoribus
547 470 740 508 veteribus
774 472 1126 515 commemoratum,
1163 469 1267 518 quod
1295 468 1396 505 inter
1420 467 1563 522 Panem
1587 469 1627 504 et

61 519 279 607 Ag⁰ffl¹¹ess¹1
304 519 544 558 commissum
570 532 652 558 esse
677 519 849 567 tradunt,
876 518 926 558 ad
945 517 1095 557 fabulas
1107 517 1194 557 illas
1212 517 1419 570 Phrygicas
1432 516 1625 567 pertlnere

59 570 97 606 vi
126 571 220 607 etur.

159 570 287 657 Etiam
317 618 358 656 in
391 618 541 658 Troade
570 619 686 658 Panis
712 619 838 657 cultus
865 619 1021 668 antiquo
1046 619 1218 667 tempore
1245 619 1417 669 cognitus
1442 621 1546 668 erat,
1587 621 1626 657 et

61 669 143 706 sine
167 668 248 706 ulla
273 668 511 707 dubitatione
533 669 687 719 mythus
712 668 919 707 secundum
947 680 1059 717 quem
1073 667 1156 706 Pan
1172 667 1388 716 Apollinem
1413 671 1536 707 artem
1560 681 1625 708 va-

59 717 246 755 ticinandi
270 717 410 765 docuit,
436 717 488 756 ad
510 718 662 756 fabulas
686 717 874 767 Apollinis
898 717 1128 768 Thymbraei
1149 720 1310 766 spectat.
1331 719 1358 768 ⁵)
1411 718 1515 764 Quae
1542 720 1625 768 qui-

62 767 150 806 dem
175 767 365 807 sententia
389 767 614 819 genealogia
639 768 806 818 quadam
832 767 966 816 Panis,
1002 766 1208 807 secundum
1240 780 1353 818 quam
1387 770 1511 808 mater
1543 767 1625 819 ejus

59 818 261 867 Thymbris
295 818 528 866 nominatur,
567 821 682 856 aucta
712 821 828 868 atque
861 817 996 856 fulcita
1033 818 1194 856 videtur.
1221 817 1251 864 ⁶)
1316 818 1490 868 Denique
1520 819 1625 868 apud

60 867 321 905 Ptolemaeum
345 867 556 906 invenimus
569 898 578 916 ,
604 867 748 906 Panem
771 869 873 906 inter
900 868 1002 906 viros
1025 866 1212 906 Achillem
1235 867 1533 916 pulcherrimum
1558 868 1624 906 de-

62 917 230 956 clarasse
256 920 372 967 atque
398 929 444 956 ea
469 917 517 956 de
543 930 660 956 causa
685 930 710 956 a
734 918 882 957 Venere
915 918 956 955 in
989 917 1150 956 formam
1174 916 1431 957 foedissimam
1457 930 1622 957 commu-

60 970 184 1005 tatum
209 979 309 1015 esse3
328 969 357 1017 ⁷)
384 979 499 1017 quam
522 967 693 1006 tabulam
716 968 758 1006 in
783 979 875 1017 agro
900 967 1036 1006 Troico
1062 970 1185 1005 ortam
1211 979 1292 1005 esse
1322 970 1495 1018 apparet.

162 1016 263 1063 Quot
305 1020 506 1067 praeterea
542 1018 582 1055 in
620 1017 762 1068 mythis
795 1018 1026 1057 Graecorum
1067 1016 1219 1055 fabulae
1261 1029 1307 1055 ex
1345 1018 1522 1056 Asiaticis
1558 1018 1624 1056 de-

60 1069 232 1116 sumptae
270 1069 386 1116 atque
418 1079 465 1105 ex
499 1079 604 1105 more
640 1068 873 1106 Graecorum
907 1068 1164 1106 conformatae
1204 1067 1383 1117 deinceps
1418 1067 1528 1117 quasi
1553 1080 1623 1125 pa-

60 1116 157 1154 triae
185 1116 394 1165 quaedam,
422 1128 584 1166 quarum
609 1117 774 1166 origines
798 1116 981 1164 latebant,
1008 1129 1032 1154 a
1058 1116 1333 1166 posterioribus
1356 1116 1511 1155 habitae
1536 1121 1623 1164 smt,

61 1165 214 1204 omnino
240 1165 430 1204 declarari
455 1167 571 1216 atque
595 1166 763 1216 perspici
787 1178 864 1205 non
888 1168 1026 1215 potest.
1062 1167 1238 1204 Attamen
1255 1178 1373 1216 quum
1388 1177 1482 1216 quas
1506 1178 1624 1216 supra

63 1216 354 1254 commemoravi
376 1215 528 1255 fabulas
561 1218 697 1266 postea
723 1216 837 1255 etiam
861 1216 961 1254 inter
986 1216 1152 1255 Graecas
1179 1216 1428 1264 inveniamus,
1459 1215 1621 1255 fortasse

62 1266 240 1304 concludi
263 1266 371 1314 licet,
398 1266 493 1304 alias
517 1269 737 1316 praeterea,
772 1278 933 1316 quarum
959 1266 1142 1316 originem
1166 1266 1372 1314 nescimus,
1409 1279 1455 1305 ex
1481 1266 1622 1306 fabulis

61 1315 239 1354 Asiaticis
264 1316 486 1365 desumptas
512 1328 603 1354 esse.

160 1365 267 1403 Haec
291 1365 411 1403 habui
447 1377 545 1414 quae
580 1365 628 1403 de
654 1366 758 1404 Pane
783 1365 1055 1415 Aegyptiorum
1088 1367 1205 1415 atque
1230 1366 1481 1404 Asiaticorum
1511 1378 1622 1415 prae-

62 1414 251 1452 mittenda
273 1414 513 1463 videbantur,
540 1427 586 1453 ex
612 1415 751 1464 quibus
776 1417 948 1464 apparet,
975 1415 1118 1453 Panem
1143 1415 1247 1464 apud
1272 1416 1342 1454 hos
1357 1415 1520 1464 populos
1543 1428 1621 1453 non

61 1463 183 1501 solum
209 1463 322 1502 deum
346 1466 560 1513 pastorum,
588 1465 655 1503 sed
680 1467 855 1503 naturam
881 1464 962 1514 ejus
987 1464 1243 1503 sublimiorem
1269 1464 1461 1514 quandam
1488 1464 1621 1503 elatio-

61 1526 217 1564 remque
243 1514 454 1565 antiquitus
478 1515 604 1554 fuisse.

776 1660 823 1718 §—
867 1662 908 1705 4.

515 1785 590 1827 De
631 1784 773 1827 Pane
815 1783 1167 1828 Graecorum.

164 1900 275 1945 Quod
305 1900 356 1938 ad
380 1901 523 1939 Panem
549 1901 781 1940 Graecorum
807 1896 965 1948 adtinet,
991 1900 1101 1938 multi
1126 1903 1165 1938 et
1186 1900 1214 1937 ii
1240 1899 1392 1949 quidem
1417 1898 1623 1937 doctissimi

61 1950 142 1997 viri,
170 1950 283 1988 deum
308 1951 485 2000 primitus
509 1951 698 1990 Graecum
723 1962 804 1989 esse
823 1950 971 1996 volunt,
999 1950 1064 1999 qui
1088 1950 1273 1999 paulatim
1299 1961 1345 1987 ex
1364 1948 1529 1986 Arcadia
1553 1961 1624 1997 per

61 2001 180 2037 totam
204 2000 405 2039 Graeciam
430 2000 646 2049 divulgatus
673 2000 733 2037 sit.

161 2048 301 2099 Itaque
328 2050 367 2088 C.
396 2050 440 2088 Ο.
467 2050 652 2088 Miillerus
675 2049 771 2088 haec
796 2049 875 2087 fere
902 2049 1011 2087 dicit:
1052 2049 1123 2087 Die
1148 2048 1408 2098 Betrachtung
1434 2048 1622 2086 einzelner

61 2098 218 2146 Mythen
248 2100 348 2148 zeigt
380 2099 442 2137 die
472 2100 596 2137 Natur
629 2099 698 2137 der
731 2099 888 2148 Gegend
920 2112 978 2137 wo
1010 2099 1064 2137 sie
1096 2098 1349 2144 entstanden,
1391 2098 1470 2135 und
1501 2097 1621 2136 daher

61 2147 240 2186 schliesse
265 2149 348 2196 ich,
376 2149 464 2187 dass
489 2149 549 2186 ein
575 2148 801 2187 Hirtenvolk
825 2148 908 2186 sich
931 2149 1061 2186 seinen
1087 2148 1271 2186 hochsten
1297 2148 1410 2194 Gott,
1449 2146 1518 2184 der
1541 2146 1621 2184 ihm

60 2197 166 2236 Alles
190 2198 251 2247 ist,
276 2199 317 2237 in
343 2198 411 2237 der
435 2199 585 2239 Gestalt
611 2199 677 2237 des
702 2199 783 2237 Pan
810 2197 958 2237 dachte.
976 2198 1007 2242 ⁸)

163 2248 258 2285 Cum
281 2248 355 2286 hoc
379 2261 468 2287 vero
494 2249 519 2287 J
523 2279 532 2288 .
559 2249 607 2287 H.
638 2249 791 2286 Vossius
817 2249 1018 2286 consentit:
1055 2249 1188 2287 Dieser
1220 2249 1347 2286 zuerst
1371 2259 1444 2285 von
1469 2247 1620 2296 Epime-

60 2297 169 2336 nides
203 2299 395 2347 genannte
425 2297 702 2348 Ziegenfiissler
732 2297 821 2335 kam
851 2297 957 2336 nicht
986 2297 1098 2348 lange
1131 2310 1199 2336 vor
1233 2297 1301 2335 der
1326 2297 1445 2345 Zeit,·
1464 2296 1516 2334 da
1552 2296 1620 2334 der

104 2445 125 2485 1)
147 2445 268 2476 Marm.
293 2444 401 2477 Oxon.
422 2455 456 2485 p.
477 2448 528 2478 21.
550 2445 725 2493 Chandler.
748 2445 877 2493 Aelian.
900 2445 938 2477 V.
961 2445 1002 2477 H.
1024 2445 1079 2476 111.
1102 2446 1151 2476 33.
1195 2443 1356 2475 Clemens.
1390 2444 1515 2476 Strom.
1539 2446 1566 2476 1.
1588 2454 1620 2484 p.

142 2488 213 2534 307.
257 2486 437 2527 Spanhem.
460 2487 503 2518 ad
529 2487 656 2518 Calhm.
677 2497 715 2534 m.
733 2487 829 2518 D1an.
851 2488 923 2517 245.
943 2496 975 2526 p.
997 2488 1069 2517 346.
1090 2486 1170 2518 Em.
1461 2526 1469 2533 .
1493 2526 1501 2533 .

102 2526 125 2586 Ξ)
658 2528 987 2601 aessens?
1002 2528 1102 2601 sut-1
1116 2526 1621 2600 {202ae·.÷.‡{11<T1¹fr÷02.‡8sss

102 2573 125 2670 4)
142 2580 290 2660 183<ssst
312 2593 384 2644 3⁰31.
407 2591 565 2644 vbssff'ad
588 2594 682 2652 virg.
704 2593 940 2645 E'e1.'vn.'24.
976 2579 998 2610 p
1056 2593 1063 2600 '
1108 2593 1115 2600 '
1174 2592 1181 2599 ’
1238 2592 1245 2600 ’
1382 2592 1389 2600 ’
1438 2593 1445 2600 ’
1481 2592 1488 2599 ’
1520 2592 1544 2613 ”
1612 2591 1619 2598 ’

101 2653 131 2732 5))
147 2654 373 2737 {Igffiogf-elta
379 2656 625 2727 4l'1l312‘1ausen
647 2695 777 2726 Aeneas
801 2706 832 2726 u.
856 2694 888 2726 d.
910 2695 989 2730 Pen.
1014 2697 1040 2726 1.
1066 2694 1134 2727 185.
1155 2693 1304 2725 Riickert
1326 2694 1427 2734 Troja
1448 2703 1478 2734 p.
1501 2694 1552 2725 88.
1568 2693 1618 2723 91.

101 2735 125 2773 ⁶)
146 2737 259 2778 Apoll.
282 2740 308 2769 1.
329 2740 359 2769 4.
384 2741 410 2769 l.
454 2737 563 2769 Tzetz.
585 2737 628 2769 ad
650 2736 799 2777 Lycoph.
821 2737 894 2769 766.

103 2778 125 2814 ⁷)
148 2779 298 2810 Riickert
318 2780 427 2818 TroJa.
448 2790 480 2819 p.
505 2782 573 2810 146.
622 2819 627 2824 ¹
721 2819 726 2824 Ι

102 2818 129 2852 ’Ἴ
149 2820 181 2853 C.
204 2820 241 2852 O.
263 2820 414 2852 Mueller.
438 2820 528 2855 Prol.
551 2831 576 2851 z.
600 2830 665 2852 em.
687 2830 772 2853 mss.
796 2819 901 2860 Myth.
923 2830 954 2861 p.
980 2822 1048 2852 105.
