1731 2980
727 43 977 77 —28-

72 139 209 187 onmia,
237 149 334 188 quae
359 138 497 177 afferre
521 149 685 187 possum,
712 150 797 176 cum
821 137 879 187 iis,
906 151 1004 189 quae
1020 139 1068 178 de
1083 139 1178 178 Jove
1195 150 1313 189 supra
1337 139 1635 186 comemoravi,

73 189 314 227 consentiunt
336 189 384 238 ¹);
411 188 479 226 sed
504 187 552 225 de
578 187 741 225 Nereide
793 188 881 226 aulo
906 189 1026 227 fusius
1052 188 1242 227 disserere
1268 188 1407 238 placet.
1623 204 1625 207 ’

172 238 389 277 Secundum
413 237 605 287 Hyginum
629 238 730 276 Astr.
776 236 805 275 I.
832 241 892 277 28.
915 238 1015 287 Pan,
1043 250 1160 289 quum
1191 249 1216 276 a
1233 237 1415 289 Typhone
1447 239 1634 296 Aegyptio

72 291 274 338 urgeretur
289 319 298 337 ,
336 289 377 326 in
407 287 536 326 Nilum
569 300 653 327 sese
687 287 851 337 conjecit
886 291 1002 338 atque
1025 301 1083 328 ex
1113 289 1205 338 fuga
1226 287 1399 326 salutem
1438 288 1633 337 quaeswit.

74 338 222 376 Deinde
254 339 370 376 etiam
394 338 615 387 Typhonem
639 338 787 376 retibus
820 339 1008 377 continuit
1041 341 1157 389 atque
1187 337 1338 388 ligavit,
1371 349 1490 387 quare
1519 337 1636 377 etiam

73 388 285 438 piscatores
310 399 396 426 eum
448 399 514 426 rae
541 388 679 426 ceteris
701 387 742 425 in
767 387 911 426 honore
940 388 1146 428 habebant.
1162 389 1191 439 2)
1246 386 1351 434 Quae
1377 398 1494 437 quum
1516 387 1573 426 ita
1593 388 1635 426 in

73 438 216 476 fabulis
242 438 327 485 sint,
353 438 466 475 muti
491 439 530 475 et
552 437 581 475 ii
607 437 815 476 doctissimi
839 438 912 476 viri
935 438 1037 476 hunc
1061 438 1233 489 mythum
1253 437 1305 476 ad
1320 437 1375 475 Ae
1453 439 1534 474 tum
1547 449 1636 486 per-

71 488 196 526 tinere
220 490 449 526 censuerunt
471 487 512 525 in
537 499 659 537 eoque
684 486 726 524 id
751 488 948 535 contineri,
975 488 1079 538 quod.
1103 488 1251 526 coelum
1269 499 1356 525 cum
1376 449 1537 525 {ii-,inore
1557 486 1636 525 sive

72 542 179 575 terra
211 549 250 575 se
284 536 532 586 conjunxerit.
553 537 582 579 ³)
644 537 717 575 Hic
748 539 877 575 autem
908 538 1063 576 fabulae
1095 549 1245 586 sensus,
1280 536 1450 587 quamvis
1483 536 1635 575 omnino

72 587 242 637 placeat,
283 588 412 625 tamen
454 586 506 625 ad
541 581 786 636 theogoniam
828 589 1055 639 Aegyptiam
1089 590 1237 639 spectet
1277 599 1432 627 necesse
1463 599 1541 625 non
1566 589 1635 634 est,

75 651 202 687 quum,
229 638 261 675 si
286 649 334 677 ex
357 637 506 676 Graeca
531 649 617 675 eum
640 638 952 686 interpretemur,
984 650 1115 676 sensus
1138 637 1292 676 fabulae
1317 637 1367 676 ab
1391 637 1458 675 1110
1484 636 1636 674 0111111110

74 700 151 724 11011
177 687 387 724 dissentiat.

173 736 273 775 Nam
296 736 430 777 Nereis
455 737 494 787 (a
518 738 600 775 νοέω
626 735 718 786 fluo)
743 736 929 787 nympha,
954 737 1035 775 filia
1057 737 1191 785 Nerei,
1217 737 1333 775 etiam
1357 736 1554 778 humorem
1577 736 1636 773 in·-

75 787 181 824 dicat
198 788 250 836 ι*),
277 790 393 835 atque
419 786 500 824 Pan
525 786 626 823 filius
651 787 827 824 Aetheris
850 790 967 836 atque
991 787 1166 824 Nereidis
1189 786 1285 823 nihil
1300 785 1407 823 aliud
1420 785 1635 834 significare

74 836 246 882 videtur,
281 835 355 873 nisi
386 835 664 873 emanationem
693 838 738 872 ut
773 836 829 873 ita
880 836 1005 874 dicam
1044 835 1249 885 quamdam
1279 833 1433 873 luminis
1464 833 1637 884 proliferi

76 885 250 923 coelestis
274 884 314 922 in
338 888 499 931 terram,
526 896 625 934 quae
649 884 748 923 illud
772 885 945 936 recipiat.
996 886 1102 933 Quae
1127 884 1281 935 quidem
1306 885 1495 923 sententia
1519 886 1659 934 auges

74 939 141 973 tur
166 937 283 984 atque
308 934 464 973 fulcitur
488 935 632 981 fabula,
659 948 736 984 qua
760 936 841 974 Pan
865 935 967 974 filius
980 935 1101 974 Urani
1126 938 1242 985 atque
1252 936 1379 974 Gaeae
1403 934 1634 982 nominatur,

76 996 188 1034 quae,
214 985 273 1023 uti
297 987 472 1035 apparet,
498 996 545 1022 ex
570 984 644 1023 hac
670 985 718 1023 de
743 985 907 1025 Aethere
933 988 971 1024 et
995 984 1157 1024 Nereide
1183 987 1269 1024 orta
1294 986 1361 1024 est.

177 1037 214 1085 5)
242 1035 437 1073 Postremo
463 1035 514 1072 ad
538 1035 709 1073 fabulam
734 1036 927 1086 quandam
945 1036 1146 1074 obscuram
1160 1035 1397 1086 progredior,
1423 1045 1521 1084 quae
1534 1035 1637 1072 certe

74 1085 114 1122 in
148 1084 278 1134 mytho
312 1084 427 1123 Panis
460 1085 663 1123 novissima
697 1088 735 1123 et
765 1086 1030 1124 transferendo
1063 1088 1241 1124 naturam
1276 1085 1338 1123 dei
1372 1084 1562 1123 Hermetis
1585 1084 1636 1122 ⁴in

75 1135 247 1173 homines
280 1137 365 1172 orta
396 1146 478 1173 esse
513 1135 673 1172 videtur.
699 1136 727 1185 ⁵)
788 1135 885 1173 Nam
911 1136 942 1173 si
968 1136 1048 1173 Pan
1073 1136 1175 1174 filius
1209 1135 1333 1174 Ulixis
1367 1136 1483 1183 atque
1516 1134 1636 1171 Pene-

74 1184 187 1232 lopae
219 1185 453 1231 nominatur,
489 1187 591 1221 certe
626 1185 778 1229 Ulixes,
812 1197 924 1233 quem
950 1185 1087 1223 Graeci
1118 1185 1387 1235 πολύτροπος,
1436 1182 1636 1228 πολύτλας

75 1233 272 1283 appellare
299 1232 433 1281 solent,
460 1233 678 1271 Hermetem
702 1234 742 1272 in
767 1234 928 1273 hominis
954 1236 1076 1280 torma
1101 1234 1277 1273 ostendit.

174 1285 300 1333 Atque
325 1283 441 1321 etiam
466 1296 514 1321 ex
538 1283 607 1321 illa
631 1284 763 1322 fabula
788 1285 950 1322 maxime
977 1285 1177 1331 obscoena,
1203 1283 1433 1332 Penelopam
1447 1282 1495 1321 ab
1515 1282 1635 1321 omni-

74 1332 147 1370 bus
172 1334 299 1382 procis
324 1333 467 1371 Panem
491 1334 685 1383 peperisse
702 1335 751 1384 0),
789 1334 889 1372 sicut
914 1334 1057 1382 elucet,
1094 1347 1179 1373 sero
1205 1346 1289 1372 eam
1314 1335 1438 1371 ortam
1462 1335 1501 1370 et
1527 1331 1637 1382 quasi

76 1382 271 1432 quendam
299 1383 633 1432 grammaticorum
667 1383 801 1422 ludum
833 1396 933 1432 esse,
975 1385 1030 1422 sic
1061 1384 1224 1422 fortasse
1258 1382 1479 1421 memoriam
1511 1383 1552 1420 in
1590 1394 1638 1420 ea

79 1433 304 1471 remansisse
321 1433 486 1482 speciem
511 1445 605 1483 prae
620 1446 660 1472 se
685 1433 771 1482 fert,
797 1433 909 1472 deum
934 1434 1026 1474 solis
1049 1434 1276 1484 luminisque
1302 1432 1448 1472 aeterni
1472 1432 1637 1472 omnium

81 1482 279 1521 stellarum
304 1483 448 1521 lumina
471 1484 511 1521 in
538 1496 578 1522 se
604 1484 807 1522 continere.
826 1486 854 1533 7)

182 1534 219 1581 6)
244 1533 371 1570 Etiam
396 1533 588 1581 quandam
614 1534 896 1571 distinctionem
920 1537 959 1571 et
984 1534 1238 1572 differentiam
1263 1533 1396 1579 Panis,
1431 1534 1476 1570 ut
1499 1532 1556 1570 ita
1580 1530 1638 1569 di-

82 1593 184 1629 cam,
210 1582 439 1629 invenimus,
472 1582 505 1619 si
529 1582 689 1631 legimus
712 1583 932 1621 Hermetem
953 1595 1001 1621 ex
1025 1583 1193 1634 nympha
1218 1582 1384 1632 quadam
1408 1582 1550 1620 Panem
1574 1592 1639 1619 va-

79 1633 174 1679 tem,
209 1644 257 1669 ex
281 1631 476 1681 Penelopa
499 1634 717 1670 venatorem
743 1632 931 1682 deumque
954 1634 1139 1671 rusticum
1164 1633 1347 1682 genuisse.
1369 1631 1399 1681 8)

181 1681 286 1718 Haec
312 1683 351 1718 et
376 1681 452 1718 alia
477 1681 740 1730 hujuscemodi
765 1683 916 1729 omitto,
952 1695 1068 1731 quum
1092 1682 1249 1720 minoris
1273 1680 1454 1719 momenti
1480 1692 1562 1718 esse
1585 1680 1639 1717 vi-

79 1729 245 1816 {leantur
277 1732 392 1779 atque
425 1732 546 1767 artem
577 1731 810 1768 vaticinandi
842 1731 882 1768 111
909 1731 1011 1769 Pane
1038 1730 1260 1770 declarandi
1284 1730 1452 1769 studium
1477 1742 1571 1780 prae
1596 1742 1638 1768 se

92 1780 217 1817 erant.
1601 1816 1605 1818 .

179 1829 286 1867 Haec
310 1828 429 1867 habui
454 1841 552 1878 quae
579 1829 627 1867 de
652 1830 739 1867 ortu
765 1829 879 1868 Panis
903 1830 1060 1879 ejusque
1085 1829 1308 1879 parentibus
1331 1828 1562 1879 proferenda
1584 1828 1639 1867 vi-

81 1878 286 1926 debantur,
323 1890 515 1928 quaeque,
552 1879 722 1928 quamvis
756 1882 834 1917 tam
869 1880 976 1918 varia
1009 1882 1163 1929 tamque
1189 1879 1348 1917 diversa>
1361 1879 1485 1928 primo
1509 1879 1639 1917 statim

80 1928 217 1966 obtutu
239 1928 326 1976 sint,
350 1931 479 1966 tamen
503 1929 543 1966 in
566 1941 683 1966 unum
709 1929 955 1976 conveniunt,
981 1930 1124 1967 Panem
1137 1941 1277 1967 numen
1296 1928 1490 1978 quoddam
1513 1927 1638 1967 solare

80 1990 128 2016 ex
153 1977 309 2016 aethere
333 1980 450 2027 atque
475 1978 554 2027 igni
579 1981 735 2016 aeterno
760 1982 1002 2027 procreatum
1029 1991 1120 2017 esse.

124 2087 146 2127 ¹)
168 2086 319 2118 Chronus
348 2089 447 2128 pater
477 2087 578 2119 Panis
608 2088 749 2119 vocatur
776 2088 813 2119 in
834 2088 937 2120 schol.
958 2088 1040 2121 Eur.
1070 2088 1167 2120 Rhes.
1200 2098 1231 2122 v,
1262 2090 1321 2127 36,
1365 2092 1468 2128 atque
1495 2087 1638 2119 Vaterus

162 2128 207 2159 ad
228 2128 318 2159 hunc
337 2129 450 2159 locum
471 2138 504 2169 p.
526 2131 577 2168 87,
609 2138 686 2160 011111
713 2129 763 2161 ita
784 2134 1035 2168 παππωυυμικῶς
1062 2129 1269 2170 appellatum
1299 2138 1371 2161 esse
1391 2129 1509 2169 putat,
1540 2128 1640 2160 sicuti

160 2168 283 2209 Pelops
306 2169 397 2210 apud
417 2169 512 2202 Pind.
535 2170 666 2211 Olymp.
687 2170 744 2203 III.
766 2172 816 2202 24.
848 2172 950 2211 atque
978 2170 1154 2202 Dardanus
1181 2170 1271 2211 apud
1299 2170 1379 2202 Eur.
1402 2170 1523 2202 Troad.
1546 2171 1637 2202 1288.

160 2213 288 2251 Κρόνιος
308 2213 459 2243 vocatur.

119 2253 143 2287 ²)
165 2252 275 2284 Schol.
298 2252 400 2293 Soph.
422 2254 475 2294 Aj.
498 2263 529 2285 v.
552 2255 625 2286 707.

119 2294 141 2330 ³)
161 2293 313 2325 Creuzer.
336 2294 449 2334 Symb.
470 2294 527 2326 ΠΙ.
550 2296 621 2326 254.

118 2336 142 2372 ⁴)
165 2334 359 2366 Schwenck.
389 2336 501 2376 Etym.
523 2336 630 2376 Myth.
651 2337 738 2369 And.
760 2349 792 2379 p.
814 2340 865 2370 80.

119 2377 142 2414 ⁵)
165 2376 276 2407 Schol.
296 2376 437 2409 Theocr.
461 2380 488 2409 1.
513 2380 582 2410 125.
605 2379 694 2411 Serv.
717 2379 761 2411 ad
781 2380 882 2422 Verg.
905 2379 1028 2421 Georg.
1053 2382 1079 2410 1.
1105 2381 1153 2412 16.

118 2418 142 2453 ⁶)
164 2419 301 2450 Tzetzes
322 2419 364 2451 ad
387 2419 555 2468 Lycophr.
577 2421 664 2453 Cass.
688 2424 756 2455 112.
785 2422 927 2454 Ρ11110111.
948 2422 1012 2453 lex.
1035 2433 1060 2455 s.
1081 2431 1112 2454 v.
1134 2426 1332 2464 Λαερτιάδης.

120 2461 143 2501 ⁷'
160 2460 731 2543 foeffffssffissszngsstssfflsxsass
747 2475 985 2538 ⁷1¹3?an
1005 2463 1637 2539 {⁸⁷²'”2’11‘2¹‡u{⁷v“stiffiffihgffssffl‘

158 2543 294 2577 finitum
313 2548 556 2587 repraesentet,
578 2549 680 2589 atque
703 2548 793 2589 quod
814 2547 966 2580 interdiu
994 2517 1371 2589 cciffiposuefiifiioctu
1394 2517 1553 2590 deincelpa
1574 2548 1640 2581 sol·

160 2588 229 2626 vat,
249 2586 338 2634 sicut
358 2586 394 2619 111
417 2588 535 2620 ordine
555 2591 748 2631 temporum
759 2590 892 2622 infinito
917 2599 1002 2630 quae
1019 2589 1175 2622 oriantur
1190 2590 1314 2622 deinde
1329 2600 1410 2622 mox
1426 2591 1637 2623 evanescant.

119 2669 133 2687 ⁸
161 2628 203 2659 cf
224 2629 390 2677 Memeke.
410 2629 507 2661 Anal.
526 2630 622 2664 Alex.
643 2642 676 2672 p.
701 2633 770 2663 159.

134 2679 143 2710 >
162 2670 276 2749 2223:
291 2671 408 2746 ἕξῖῖέ.
418 2671 1561 2757 *Ξὲῥῑὲ-..ΞἚᾼ1131,0111117εὲ11’013113111311
1581 2687 1638 2746 3²1¹:

161 2763 254 2793 onyS.
276 2754 359 2786 XIV.
372 2757 423 2788 87.
444 2755 542 2786 Joan.
565 2756 648 2796 Lyd.
671 2757 714 2788 de
734 2767 838 2790 mens.
860 2767 893 2797 p.
919 2757 987 2789 118.
1008 2756 1131 2789 Euseb.
1153 2757 1273 2797 Praep.
1295 2765 1414 2797 evang.
1435 2755 1490 2788 VI.
1510 2766 1544 2798 p.
1568 2757 1636 2788 114.

160 2794 259 2826 Corn.
281 2795 324 2827 de
344 2799 413 2828 nat.
435 2796 530 2829 door.
551 2797 589 2829 X.
612 2798 761 2831 Macrob.
783 2799 851 2831 Sat.
877 2801 903 2830 1.
929 2800 977 2831 17.
1001 2798 1078 2832 Isid.
1102 2799 1195 2841 Orig.
1217 2798 1303 2832 VIII.
1328 2799 1377 2833 10.
1401 2796 1517 2831 Cicero
1539 2798 1582 2830 de
1604 2808 1636 2830 n.

160 2836 252 2872 deor.
277 2838 328 2872 cd.
349 2839 460 2873 Creuz.
484 2839 538 2873 ΙΠ.
562 2843 610 2872 22.
632 2852 665 2881 p.
688 2844 758 2873 610.
782 2852 830 2882 sq.
