1731 2980
758 9 1005 45 -51—

142 126 144 128 -
206 102 299 146 Sed
333 102 484 149 uoniam
510 103 558 142 de
582 104 708 153 etymo
732 104 905 144 vocabuli
930 107 1076 144 certum
1093 104 1280 156 judicium
1297 103 1490 153 perhiberi
1509 115 1556 142 ne
1584 104 1650 151 uit,

105 153 181 202 iam
206 151 258 191 ad
280 114 433 212 ἐξώθει
452 152 556 210 ipsas
578 152 799 210 tractandas
831 155 1051 204 aggredior,
1084 154 1222 205 quibus
1245 151 1425 202 fortasse,
1459 165 1534 202 quo
1582 167 1650 192 oco

107 201 330 247 vocabulum
355 204 479 241 ortum
503 206 563 251 S1t,
590 203 728 242 clarius
752 203 950 243 elucescat.

206 251 251 292 In
277 252 382 293 cnltu
405 252 526 291 Fauni
551 252 626 290 duo
650 252 854 302 praecipue
873 255 1063 293 momenta
1079 250 1347 302 distinguenda
1361 253 1464 300 puto,
1489 251 1651 290 alterum

106 299 212 350 quod
234 300 285 339 ad
334 302 555 351 rincipalem
580 302 661 352 ejus
684 305 844 340 naturae
867 306 1017 352 partem
1040 303 1216 351 pertinet,
1242 300 1406 339 alterum
1423 313 1522 349 vero,
1547 301 1650 351 quod

109 350 160 388 ad
183 362 297 389 secun
371 351 444 389 'am
474 353 643 401 spectat3
679 352 719 389 et
752 363 851 400 quae
884 353 1104 402 cognomine
1134 352 1218 401 ipso
1250 350 1332 401 jam
1357 348 1647 400 distinguuntur.

106 400 274 439 Vocatur
297 403 424 439 autem
446 402 598 440 Faunus
624 402 663 439 et
686 400 880 451 Lupercus
904 404 944 440 et
966 402 1092 440 Inuus.

205 449 316 489 Prius
339 450 436 489 illud
461 462 505 489 co
532 463 667 489 nomen
689 448 925 500 Luperci‘ea
949 451 997 488 de
1023 461 1139 488 causa
1162 461 1249 488 eum
1263 448 1406 486 habere
1421 446 1649 495 fabulantur,

104 497 208 548 quod
230 498 341 549 lupos
365 512 389 539 a
414 500 519 550 gregi
546 513 592 539 us
615 502 762 548 arceat3
797 499 867 539 sed
897 500 930 539 si
961 512 1099 539 nomen
1130 499 1255 548 ipsum
1288 509 1375 536 cum
1399 497 1550 553 Graeco·
1568 503 1649 537 Av-

101 550 209 594 καῖος
237 561 506 599 comparemus,
530 550 648 589 alium
670 561 823 588 sensum
837 552 941 589 certe
963 550 1083 588 multo
1097 547 1413 599 praestantiorem
1428 546 1644 604 invenimus.

202 598 298 639 Nam
322 600 362 637 in
396 599 568 639 omnibus
600 599 818 639 Occidentis
845 599 1064 650 regionibus
1097 598 1207 649 quasi
1238 596 1429 648 quendam
1459 596 1549 635 solis
1572 597 1649 635 cul-

102 648 183 686 tum
208 649 368 688 valuisse
394 651 551 688 constat.
607 649 669 688 Ad
703 649 806 699 quod
839 648 1176 688 demonstrandum
1200 659 1269 685 cur
1292 646 1414 685 multa
1435 646 1651 684 testimonia

103 697 310 746 proferam;
346 711 462 748 quum
480 699 561 748 jam
588 699 760 738 sufficere
783 702 933 749 putem,
966 699 999 738 si
1022 699 1062 737 in
1086 699 1251 736 mentem
1278 696 1348 734 illa
1370 708 1526 743 revoco,
1553 708 1649 744 quae

103 746 219 795 paulo
252 749 340 786 ante
374 748 688 787 commemoravi?
743 747 958 788 Invenimus
990 748 1092 787 enim
1114 746 1315 787 Heraclem
1339 745 1454 785 boves
1477 747 1651 794 agentem

101 796 142 834 in
166 797 344 835 extremis
371 797 586 836 Occidentis
607 797 756 845 finibus,
779 798 820 836 in
844 797 1049 848 Hispania,
1067 797 1182 835 Italia
1204 797 1321 846 atque
1345 795 1386 833 in
1411 794 1550 833 Sicilia.
1575 794 1651 832 He-

98 844 245 885 raclem
278 847 404 884 autem
428 846 551 885 solare
586 846 778 896 quoddam
802 860 941 887 numen
966 859 1048 886 esse
1072 858 1202 885 omnes
1227 844 1476 884 consentiunt.
1525 843 1651 890 Quare

101 894 217 944 igitur
242 893 455 934 dubitemus
477 895 592 934 etiam
614 896 714 935 inter
737 897 894 936 Latinos
919 909 1005 935 cum
1029 895 1199 946 Pelasgis
1223 894 1407 935 Graeciae
1438 896 1520 932 tam
1543 895 1649 931 arcte

98 944 304 994 intimeque
331 945 549 995 conjunctos
573 946 715 984 cultum
738 947 830 989 solis
852 947 1034 997 viguisse,
1059 945 1284 996 praesertim
1335 956 1427 982 uum
1449 942 1650 982 Heraclem

99 993 140 1031 in
151 993 267 1033 Italia
289 994 404 1032 boves
429 998 602 1044 agentem
622 995 805 1045 legamus,
830 998 1049 1046 terramque
1073 996 1195 1046 ipsam
1217 1007 1243 1033 a
1266 995 1319 1034 bu
1345 1006 1391 1032 us
1416 993 1497 1044 ejus
1513 1005 1649 1032 nomen

101 1043 265 1092 duxisse,
291 1047 436 1082 veteres
460 1045 663 1094 scriptores
686 1045 915 1085 fabulentur.
936 1047 964 1096 ¹)

200 1093 282 1140 Quo
308 1094 459 1144 quidem
483 1094 726 1134 fundamento
751 1096 832 1134 nixi
856 1096 972 1135 aliam
995 1096 1156 1135 nominis
1178 1094 1343 1144 Luperci
1367 1092 1648 1142 interpretatio-

100 1155 212 1230 3¹33?
236 1144 628 1238 Pss‘ffimnli’flqssflffd
639 1144 1226 1233 {Zsstssrssiffie‘ssifflffiffi
1244 1143 1505 1241 ⁸⁰1¹1³1⁸31⁰s¹11¹53¹5¹¹
1502 1143 1648 1241 jl'ssr‘iifi

102 1242 206 1280 Pane
230 1242 486 1292 cognovimus,
513 1254 595 1283 esse
619 1243 735 1282 etiam
756 1208 952 1283 ingFauno
978 1208 1170 1294 quffidam
1192 1223 1269 1281 vix'n
1292 1242 1471 1289 solarem,
1505 1253 1582 1290 qua
1605 1239 1646 1278 in

101 1303 163 1330 res
187 1294 358 1333 terrenas
381 1292 584 1341 praecipue
607 1304 722 1331 verno
746 1294 928 1343 tempore,
953 1306 1029 1343 quo
1048 1292 1273 1342 Lupercalia
1286 1291 1418 1330 Idibus
1428 1290 1648 1329 Februariis

101 1340 321 1389 agebantur,
348 1341 481 1379 influat
505 1353 713 1397 novamque
736 1342 853 1380 vitam
875 1343 916 1379 in
941 1355 1006 1380 eas
1031 1342 1217 1388 effundat3
1243 1340 1347 1389 quod
1371 1339 1527 1389 quidem
1549 1339 1645 1386 loco,

101 1401 214 1438 quem
238 1389 341 1439 apud
365 1390 510 1428 Livium
537 1393 570 1428 1.
597 1392 630 1429 5.
655 1390 874 1440 invenimus,
898 1403 1127 1441 magnopere
1153 1389 1415 1428 confirmatur:

438 1439 636 1478 »Evander
657 1440 822 1479 instituit
843 1441 1044 1489 sollemne,
1076 1443 1120 1478 ut
1149 1439 1243 1478 nudi
1269 1439 1427 1489 juvenes
1456 1439 1647 1488 Lycaeum

336 1489 442 1526 Pana
465 1492 686 1527 venerantes
709 1502 779 1538 per
803 1490 928 1528 lusum
951 1493 1067 1539 atque
1090 1489 1285 1527 lasciviam
1309 1491 1516 1526 currerent.

200 1537 325 1583 Quare
357 1538 470 1576 etiam
505 1550 591 1576 eum
621 1551 707 1576 cum
738 1538 842 1577 Pane
873 1540 1023 1579 omnino
1057 1540 1327 1577 commutatum
1356 1537 1534 1588 legimus,
1553 1537 1580 1586 ²)
1608 1538 1647 1574 et

98 1587 316 1627 Macrobius
341 1588 419 1627 Sat.
450 1591 482 1626 1.
511 1591 568 1627 12.
631 1588 735 1626 »Pan
759 1589 842 1638 ipse
867 1588 990 1639 inquit
1003 1620 1013 1637 ,
1039 1601 1152 1639 quem
1174 1590 1312 1627 vocant
1335 1587 1550 1644 Lupercum
1575 1586 1646 1625 sub

97 1640 170 1677 hoc
182 1637 315 1676 habitu
328 1650 402 1687 quo
415 1638 592 1685 cernitur,
602 1638 718 1676 solem
729 1650 769 1676 se
782 1650 863 1677 esse
877 1638 1185 1688 prudentioribus
1226 1637 1384 1675 ermittit
1396 1636 1643 1686 mtelligere.«

196 1687 261 1745 Sin
287 1690 414 1726 autem
438 1687 534 1726 haec
558 1688 741 1745 primaria
764 1688 827 1727 dei
851 1692 989 1727 natura
1011 1688 1127 1745 fuisse
1146 1689 1189 1745 'vi
1217 1689 1311 1735 etur,
1336 1688 1381 1725 ut
1406 1686 1524 1726 solem
1549 1686 1645 1743 ejus-

93 1740 675 1837 Rssfimssffbffsspassaissifflniffi
698 1739 949 1837 ⁰33F³13¹211¹12
965 1740 1219 1837 ῧῦἓΐὲἓοέἕρθ
1253 1736 1645 1835 Ἒῗτῗίῗηὲῑὶἷίἶὲἶ

177 1936 216 1967 V.
237 1938 288 1966 21.
309 1935 394 1966 XIII.
416 1936 446 1966 9.
468 1935 593 1966 Arnob.
606 1935 680 1965 adv.
690 1936 783 1975 gent.
793 1935 832 1967 V.
855 1937 883 1967 1.
895 1945 929 1976 p.
939 1936 1010 1968 483.
1031 1935 1130 1966 Diod.
1151 1935 1271 1976 flagm.
1291 1935 1351 1966 lib.
1373 1935 1428 1966 VI.
1449 1934 1553 1965 Bekk.
1574 1936 1644 1974 ἔσχε

176 1980 211 2009 δὲ
233 1979 251 2008 o‘
272 1979 365 2012 αὐτὸς
386 1980 498 2014 Πῖκος,
527 1978 546 2008 o‘
567 1979 615 2008 καὶ
636 1979 728 2014 Ζεύς,
749 1980 819 2009 υἱὸν
840 1979 982 2016 ὀνόματι.
991 1980 1131 2018 Φαῦνος,
1153 1979 1190 2009 ὃν
1210 1980 1259 2009 καὶ
1277 1979 1390 2018 Ἑρμῆν
1410 1979 1560 2009 ἐκάλεσεν.
1602 1974 1644 2006 cf.

177 2019 321 2051 Cramer.
341 2018 467 2050 Anecd.
488 2017 590 2050 Paris.
612 2018 650 2050 H.
672 2028 706 2059 p.
724 2020 793 2051 236.
836 2019 970 2059 Dionys.
998 2019 1071 2051 Hal.
1092 2019 1117 2050 1.
1142 2021 1193 2050 31.
1213 2019 1367 2050 Faunum
1390 2018 1523 2057 Martis,
1554 2017 1643 2057 regis

174 2060 397 2101 Aboriginum
417 2058 523 2090 filium
537 2058 637 2091 fuisse
658 2059 773 2092 tradit.
802 2060 892 2092 Mars
912 2070 1002 2101 vero,
1024 2060 1095 2092 sive
1107 2060 1256 2091 Marmar
1265 2059 1302 2091 in
1314 2060 1436 2092 fabulis
1446 2059 1643 2091 Latinorum

174 2101 416 2176 afftifluissirggg
439 2100 506 2132 vim
528 2101 716 2133 naturalem
738 2103 774 2133 et
794 2102 1040 2143 procreativam
1062 2101 1239 2143 significat.
1283 2101 1324 2133 cf.
1357 2101 1497 2135 Preller.
1529 2100 1642 2133 Roem.

136 2187 157 2226 ¹)
178 2155 289 2227 Agoll.
303 2154 402 2218 1IL5.
427 2187 475 2216 10.
508 2185 625 2217 Varro.
647 2185 689 2216 de
709 2195 748 2217 re
768 2187 903 2217 rustica.
924 2185 965 2217 IL
987 2186 1017 2216 5.
1060 2185 1166 2224 Quam
1187 2185 1307 2217 intime
1328 2186 1462 2217 Faunus
1483 2194 1560 2216 cum
1581 2185 1644 2215 He-

174 2227 264 2259 racle
285 2226 482 2266 conjunctus
503 2227 557 2265 sit,
579 2236 620 2258 ex
639 2226 754 2258 fabula
774 2227 865 2268 apud
885 2226 1020 2258 Salmas.
1042 2227 1086 2257 ad
1106 2226 1208 2259 Solin.
1229 2237 1262 2267 p.
1279 2228 1328 2258 10.
1340 2228 1369 2258 6.
1381 2226 1418 2258 Τ.
1441 2228 1476 2257 et
1485 2225 1644 2266 Scaliger.

174 2268 217 2300 ad
237 2268 375 2299 Festum
398 2278 423 2299 s.
433 2277 465 2301 v.
485 2267 662 2308 Palatium,
685 2268 841 2300 concludi
862 2268 953 2308 licet,
973 2267 1157 2299 secundum
1179 2278 1280 2309 quam
1301 2268 1460 2300 Heracles
1481 2277 1558 2299 cum
1580 2267 1646 2307 Hy-

174 2309 339 2351 perborea
359 2319 418 2340 sua
437 2307 473 2340 in
493 2309 626 2340 Italiam
646 2308 760 2350 venit,
782 2309 956 2351 gravidam
979 2319 1020 2341 ex
1041 2319 1076 2341 se
1097 2308 1200 2350 fecit,
1232 2311 1378 2351 nuptum
1400 2308 1496 2341 dedit
1517 2309 1644 2348 Fauno,

174 2351 265 2393 apud
285 2360 384 2392 quem
404 2350 464 2382 illa
483 2350 642 2383 Latinum
663 2351 807 2393 peperit.

132 2408 160 2450 ²)
181 2408 262 2440 lust.
281 2408 334 2439 43.
355 2409 384 2440 1,
404 2408 436 2439 7.
461 2406 518 2438 »In
538 2406 661 2439 Palatii
679 2404 849 2441 radicibus
868 2406 1034 2448 templum
1054 2407 1197 2448 Lycaeo,
1219 2417 1320 2449 quem
1341 2406 1462 2439 Graeci
1483 2407 1573 2439 Pana
1588 2415 1645 2437 vo—

134 2469 136 2471 -
172 2451 252 2482 cant
272 2447 477 2481 constituit«
521 2448 638 2482 Horat.
664 2459 731 2483 car.
755 2451 782 2482 1.
807 2451 856 2482 17.
876 2450 906 2481 2.
948 2448 1052 2481 Rutil.
1072 2449 1188 2484 Itiner.
1212 2452 1240 2483 1.
1261 2451 1334 2483 232.

237 2490 331 2523 »Hoc
350 2490 425 2522 Inui
445 2490 592 2522 castrum
613 2489 704 2523 fama
723 2490 824 2523 fuisse
844 2492 952 2532 putat.
973 2490 1038 2522 Seu
1058 2491 1129 2522 Pan
1143 2490 1326 2532 Tyrrhenis
1338 2490 1483 2523 mutavit
1492 2489 1645 2522 Maenala

171 2532 272 2574 silvis,
293 2531 369 2564 Sive
389 2531 479 2579 sinus
499 2532 628 2579 patrios
648 2532 761 2565 incola
781 2533 914 2573 Faunus
934 2531 1026 2579 init«
1071 2532 1171 2564 Prob.
1193 2533 1260 2565 Ver
1285 2557 1295 2567 .
1316 2532 1430 2574 Georg
1452 2535 1479 2564 1.
1502 2533 1550 2563 10.
1597 2573 1604 2578 .

252 2574 391 2610 Minime
413 2583 536 2605 mlrum
558 2577 665 2615 igitur
685 2574 820 2607 videtur
842 2584 920 2614 esse,
942 2584 971 2605 si
992 2583 1074 2614 quas
1096 2574 1138 2606 de
1154 2575 1244 2607 Pane
1261 2543 1407 2616 Iegimus
1428 2573 1645 2616 genealogias

173 2616 307 2648 easdem
328 2615 370 2647 de
390 2615 506 2647 Fauno
527 2616 714 2655 reperimus
736 2616 778 2649 cf.
798 2617 885 2648 Plut.
906 2615 1013 2657 Paral.
1036 2614 1107 2648 315.
1131 2617 1169 2648 B.
1192 2617 1348 2657 Calpurn.
1366 2619 1392 2647 1.
1413 2617 1465 2648 33.

131 2671 155 2712 ³)
175 2671 324 2726 macrob.
344 2671 412 2705 Sat.
434 2672 463 2703 1.
486 2672 534 2702 12.
555 2673 604 2703 21.
647 2672 776 2705 Arnob.
806 2672 884 2704 adv.
910 2673 1001 2713 gent.
1025 2674 1053 2703 1.
1076 2674 1126 2706 36.
1148 2673 1185 2704 V.
1208 2674 1257 2705 18.
1298 2672 1457 2720 Legimus
1477 2671 1529 2703 his
1550 2671 1644 2711 locis,

171 2714 867 2803 2⁴33·„sszbffimvzffiss‘ffissffi
882 2714 1241 2803 {2⁸33ff1sstssffissffsst‘?
1255 2714 1529 2796 ἓὲἓέαέἓῖᾛὲῗι
1541 2717 1642 2787 *5253ss

172 2807 246 2829 usui
265 2798 487 2830 animantium
509 2797 629 2839 faveat,
652 2798 771 2840 Opem,
794 2798 884 2839 quod
905 2808 1008 2839 ipsms
1032 2808 1096 2839 ope
1117 2798 1188 2831 vita
1210 2800 1351 2839 constet,
1373 2797 1501 2832 Bonam
1525 2797 1640 2835 Deam,

1105 2841 1162 2878 7*
