1731 2980
762 31 986 67 -2-

93 131 243 179 φανός,
270 131 398 179 φαίνω
424 126 637 166 derivatum
662 138 761 175 esse,
798 128 914 177 atque
942 139 989 165 ex
1015 129 1140 178 etymo
1159 128 1241 178 Jam
1265 128 1567 178 antiquissimam
1590 131 1654 169 dei

92 182 269 217 naturam
294 178 507 216 elucescere
519 178 668 227 putant.
680 178 707 227 ²)
746 177 877 227 Magni
901 180 1030 216 autem
1053 177 1234 216 momenti
1255 177 1512 228 videturesse,
1563 179 1653 229 uod,

94 241 208 277 quam
235 228 329 266 deus
351 229 434 277 ipse
457 229 636 265 naturam
659 227 812 265 luminis
837 227 1017 275 obtineat,
1042 227 1228 266 vocabulo
1239 228 1323 277 ipso
1331 227 1412 278 jam
1427 230 1536 267 osten
1566 229 1652 268 'tur.

193 276 304 324 Quod
328 280 456 315 tamen
482 276 630 315 adtinet
664 276 715 314 ad
743 277 1010 327 etymologiam
1040 277 1165 326 illam,
1204 289 1281 327 qua
1315 277 1480 328 scriptor
1510 277 1652 329 hymni,

94 340 207 375 quem
238 330 377 365 vocant
411 327 656 364 Homericum
682 326 840 374 GKVHI.
869 329 933 376 47)
966 339 1052 365 eum
1082 328 1140 365 ita
1174 327 1410 377 appellatum
1446 339 1529 366 esse
1559 328 1652 376 vult,

90 377 154 416 ὅτι
177 382 305 428 φρένα
329 378 454 416 πᾶσιν
479 377 661 428 ἐτέρψεν,
687 376 786 414 hanc
812 377 965 415 omnino
984 377 1065 427 jam
1090 377 1273 425 omittam,
1325 389 1416 415 uum
1430 376 1654 427 allegoriam

93 427 286 477 quandam
323 429 439 476 atque
474 426 651 465 vocabuli
674 426 988 475 significationem
1013 439 1060 464 ex
1084 425 1216 465 fabula
1245 439 1317 476 exp
1336 426 1462 465 ‘candi
1486 427 1654 466 studium

92 488 185 526 prae
208 489 248 515 se
278 477 388 514 ferat.
443 475 590 514 Eadem
614 480 816 525 praeterea
840 475 889 514 de
915 476 1031 515 schol.
1057 475 1214 515 Theocr.
1244 480 1276 515 1.
1304 479 1337 515 3.
1365 476 1528 515 dicenda
1552 480 1651 525 sunt,

92 527 158 576 qui
184 527 279 565 Pani
304 539 350 564 ea
375 526 423 563 de
449 538 564 564 causa
595 538 733 564 nomen
765 526 929 564 inditum
961 538 1042 565 esse
1076 526 1258 575 declarat,
1285 526 1388 576 quod
1412 526 1497 571 υἴός
1525 530 1649 579 Πηνε-

90 577 218 622 λόπνς
244 577 309 614 καὶ
335 579 499 615 πάντων
524 577 602 614 τῶν
627 579 859 627 μνηστϊρων
883 576 1008 614 fuerit.
1030 577 1058 626 ²)

187 600 323 675 ‘Neque
348 626 473 664 minus
499 626 615 664 etiam
638 625 735 663 illud
789 638 834 664 oc
859 625 944 665 loco
970 625 1285 675 praetermittere,
1311 625 1386 664 alio
1409 628 1536 664 autem
1561 638 1650 675 pro-

93 677 205 722 ferre,
229 676 270 713 in
296 676 422 713 animo
450 677 524 722 est,
560 674 664 724 quod
690 675 738 712 de
765 675 943 724 Orphicis
968 675 1172 724 scriptores
1204 675 1352 724 antiqui
1374 678 1551 723 narrant,
1577 676 1650 714 Pa-

92 738 179 764 nem
205 725 320 763 deum
346 737 392 763 ea
417 725 465 762 de
494 736 610 762 causa
633 724 690 763 ita
714 725 949 764 nominatum
975 737 1075 772 esse,
1111 723 1214 774 quod
1239 726 1379 772 totum,
1414 727 1458 762 ut
1488 724 1562 763 hoc
1586 737 1651 763 vo-

91 775 227 814 cabulo
254 778 362 823 utar,
393 775 610 815 universum
641 775 719 812 sive
753 777 879 813 totum
911 774 1093 813 mundum
1118 773 1412 824 complectatur,
1447 786 1651 825 rerumque

90 826 257 862 omnium
281 825 451 874 germina.
473 827 728 874 naturumque
752 825 792 862 in
818 837 858 862 se
885 825 1086 862 contineat.
1117 824 1146 874 ³)

189 875 266 914 Sed
290 887 368 925 qua
389 886 432 913 re
460 875 668 913 commotus
705 874 794 923 sim,
846 876 890 912 ut
913 874 1139 914 vocabulum
1164 876 1257 913 Πάν
1282 873 1492 912 derivatum
1519 885 1600 913 esse
1625 886 1650 912 a

89 929 199 975 φάω,
223 929 350 976 φαίνω
404 927 527 972 utem,
551 924 649 962 illud
675 937 742 963 suo
766 925 863 972 loco,
891 938 1007 974 quum
1034 924 1081 963 de
1106 927 1246 963 natura
1270 924 1332 963 dei
1356 924 1474 963 verba
1496 924 1646 972 facim,

87 975 208 1013 fusius
232 974 383 1024 explica
411 987 452 1023 o,
477 986 602 1024 pauca
625 977 753 1012 tamen
780 986 1062 1013 conmemorare
1087 974 1216 1024 placet
1241 986 1339 1023 quae
1363 974 1436 1012 hoc
1461 974 1546 1012 loco
1566 974 1647 1024 jam

87 1027 300 1063 memoratu
324 1024 441 1073 digna
461 1024 649 1062 videntur.

187 1074 232 1111 In
257 1073 398 1123 mythis
422 1076 550 1111 autem
575 1075 745 1111 veterum
762 1074 991 1123 populorum
1016 1073 1290 1123 cognoscendis
1317 1073 1548 1121 primitivam
1579 1073 1648 1110 ali—

88 1123 195 1173 cujus
217 1123 381 1161 numinis
406 1125 583 1161 naturam
608 1123 836 1172 perspicere,
864 1136 911 1162 ex
937 1135 1014 1173 qua
1039 1122 1144 1172 quod
1168 1123 1219 1161 ad
1242 1134 1380 1161 nomen
1402 1121 1549 1160 adtinet
1567 1122 1648 1172 ple-

169 1277 278 1318 Relig.
299 1276 361 1308 der
383 1276 515 1308 Griech.
538 1277 578 1308 11.
600 1277 671 1308 325.
715 1276 810 1317 Ilgen
841 1276 886 1308 ad
913 1276 1004 1316 hym.
1033 1276 1131 1308 Hom.
1161 1277 1193 1317 p'.
1221 1278 1292 1308 301.
1322 1279 1388 1308 Πάν
1409 1274 1525 1308 dorice
1545 1277 1645 1316 putat

168 1318 298 1350 dictum
330 1328 401 1350 esse
431 1328 494 1359 pro
528 1321 613 1350 παιάν
647 1328 667 1349 a
696 1317 811 1349 radice
841 1321 908 1350 πάω
935 1318 958 1349 1.
989 1328 1014 1350 e.
1048 1318 1164 1358 quatio
1186 1319 1333 1359 terram,
1363 1317 1487 1349 deinde
1516 1316 1643 1357 nutrio,

167 1360 347 1391 fruendum
369 1360 518 1401 praebeo
531 1384 539 1400 ,
561 1360 704 1400 adjuvo,
726 1359 776 1391 ita
798 1361 838 1391 ut
859 1363 925 1392 Πάν
944 1360 1036 1391 idem
1058 1360 1102 1392 sit
1123 1370 1162 1392 ac
1190 1363 1292 1392 παιάν.
1343 1358 1411 1391 Sed
1439 1358 1554 1391 radice
1584 1358 1644 1391 illa

165 1402 310 1433 obscura
330 1402 578 1442 praetermissa,
600 1401 711 1432 forma
733 1405 826 1433 παιάν
846 1401 921 1441 ipsa
936 1401 1007 1442 jam
1030 1403 1082 1434 est
1103 1401 1234 1442 dorica,
1255 1401 1305 1432 ita
1325 1402 1365 1432 ut
1385 1404 1452 1433 Πάν
1472 1410 1515 1433 ex
1533 1400 1643 1442 Ilgeni

164 1444 335 1474 sententia
357 1443 402 1474 sit
423 1443 542 1474 dorica
564 1442 674 1473 forma
695 1442 823 1474 formae
846 1442 992 1474 doricae.
1024 1442 1091 1474 Sed
1111 1442 1195 1474 haec
1217 1441 1408 1474 omittenda
1428 1451 1499 1474 esse
1518 1444 1614 1483 puto.

126 1499 147 1540 ¹)
170 1499 300 1531 Pollux.
322 1498 363 1531 X.
388 1500 459 1532 117.
482 1498 626 1538 Hesych.
647 1498 699 1529 Π.
735 1521 743 1529 .
766 1499 837 1529 483.
861 1498 959 1530 Phot.
980 1499 1059 1530 Lex.
1081 1508 1115 1539 p.
1136 1499 1207 1530 275.
1239 1497 1640 1538 SchwenkEtym.Myth.

161 1540 246 1571 And.
268 1551 302 1580 p.
334 1541 406 1571 213.
458 1540 599 1586 Creuzer
630 1508 743 1586 symss.
779 1540 836 1571 m.
867 1541 938 1571 232.
989 1539 1146 1571 Welcker
1174 1539 1306 1571 Griech.
1336 1539 1479 1571 Gotterl.
1506 1550 1539 1580 p.
1567 1541 1638 1571 454.

158 1582 292 1613 Littera
313 1595 334 1622 φ
364 1591 445 1613 vero
476 1590 607 1621 saepius
637 1591 673 1611 m
701 1586 720 1622 β
741 1581 796 1613 vel
818 1595 841 1613 π
875 1582 1124 1620 commutatur,
1155 1583 1194 1613 ut
1225 1581 1316 1622 apud
1343 1580 1546 1612 Macedones
1573 1590 1637 1621 pro

162 1627 325 1662 Φερενίκη,
359 1626 535 1666 Φίλιππος,
568 1625 684 1664 Φρύγες
716 1622 843 1654 dicitur
871 1625 1032 1664 Βερενίκη,
1063 1626 1216 1659 Βίλιππος
1236 1622 1290 1654 vel
1311 1625 1485 1665 Πίλιπηος,
1515 1624 1637 1663 Βρόγες.

160 1664 248 1695 Plut.
270 1663 403 1702 Quaest.
426 1663 482 1694 Gr.
506 1663 561 1695 IX.
620 1663 735 1694 Etiam
766 1663 803 1694 in
830 1663 904 1694 aliis
932 1673 1032 1703 saepe
1053 1664 1225 1695 vocabulis
1246 1678 1268 1705 φ
1287 1663 1325 1694 111
1347 1677 1370 1694 π
1391 1664 1636 1695 commutatum

157 1705 311 1745 legimus,
333 1706 373 1735 ut
394 1707 570 1744 οἷσπᾶραγος
593 1714 657 1744 pro
679 1707 860 1745 ασφᾰραγος,
882 1708 992 1751 λίσῃος
1012 1714 1075 1744 pro
1098 1708 1224 1745 λίσφος;
1247 1707 1381 1743 σπόγγος
1401 1713 1465 1751 pro
1488 1716 1506 1735 σ
1530 1707 1642 1750 όγγρςς

159 1749 325 1817 σίιονδιέλὲ
341 1755 421 1817 prot
429 1749 602 1787 σφονδύλη;
626 1749 701 1778 πέλα
721 1755 785 1786 pro
810 1748 884 1787 φίλα
906 1745 1051 1785 dicitur3
1074 1745 1117 1777 de
1134 1755 1200 1786 qua
1217 1746 1493 1786 commutatione,
1544 1754 1639 1777 exica

156 1797 178 1826 p
194 1797 256 1818 ura
277 1797 296 1817 a
322 1796 405 1818 erun
423 1811 431 1821 .

190 1842 241 1874 De
263 1842 431 1875 vocabulo
455 1845 551 1878 πανός
571 1852 635 1883 pro
658 1845 753 1884 φανός
775 1842 815 1874 cf.
839 1842 877 1874 G.
899 1842 1083 1874 Hermann.
1105 1842 1149 1874 ad
1169 1842 1289 1875 Aesch.
1310 1842 1431 1884 Agam.
1452 1842 1522 1874 269.
1544 1842 1582 1874 Τ.
1593 1842 1636 1873 Π.

155 1895 187 1924 p.
212 1886 282 1916 391.
305 1886 407 1925 atque
430 1884 585 1916 Gerhard
606 1884 692 1925 Hyp.
713 1885 831 1917 Roem.
854 1885 949 1917 Stud.
970 1885 1011 1917 II.
1032 1895 1065 1926 p.
1089 1886 1159 1916 103.
1180 1895 1214 1917 n.
1236 1886 1286 1925 54,
1309 1887 1343 1917 et
1366 1894 1451 1925 quae
1472 1884 1516 1916 de
1535 1894 1634 1917 voca-

153 1926 242 1958 bulis
265 1930 338 1967 φάω,
361 1929 412 1964 am,
434 1930 496 1958 noim
518 1925 758 1966 proferuntur3
780 1928 882 1967 atque
904 1926 1054 1967 ejusdem
1076 1925 1264 1967 scriptoris:
1285 1925 1635 1959 ArchaeoLNachlass

152 1977 211 1999 aus
233 1967 328 1999 Rom.
351 1967 467 1998 Berlin
490 1968 581 2000 1859.
603 1978 636 2008 p.
658 1969 709 1998 82.
763 1968 889 1999 Forma
922 1968 1080 1999 vocabuli
1110 1972 1179 2000 Πάν
1206 1967 1441 2000 contractione
1472 1976 1514 1999 ex
1544 1971 1632 2000 mim

150 2010 257 2049 (φιίων)
280 2011 357 2040 orta
378 2018 447 2041 esse
467 2008 612 2049 videtur,
633 2009 720 2041 sicut
732 2013 886 2042 Ποσειδᾶν
896 2019 937 2041 ex
947 2013 1125 2042 Ποσειδάων
1138 2008 1350 2051 (ΑΙιι-011οεᾱο
1362 2009 1439 2042 dial.
1448 2009 1522 2043 dor.
1535 2011 1631 2050 p.26.

150 2053 220 2081 not.
232 2053 262 2082 3.
284 2061 318 2091 p.
343 2051 422 2091 1983
444 2050 487 2082 de
509 2050 586 2082 dial.
608 2051 694 2083 aeol.
715 2061 748 2091 p.
772 2053 820 2083 14.
841 2062 876 2092 p.
889 2053 958 2083 123.
970 2053 1041 2084 not.
1063 2053 1103 2093 8.)
1125 2052 1211 2083 Nam
1230 2051 1370 2083 nomina
1389 2051 1576 2092 antiquitus
1595 2051 1632 2082 in

150 2106 210 2123 αωυ
243 2091 401 2123 exeuntia
432 2093 467 2123 et
495 2092 611 2123 dorice
634 2093 669 2123 et
690 2092 818 2124 aeolice
840 2093 1111 2125 contractionem
1131 2093 1168 2124 in
1189 2107 1226 2125 αν
1246 2092 1442 2134 patiuntur,
1471 2094 1512 2124 ut
1532 2096 1631 2124 Παιάν

148 2143 211 2173 pro
243 2137 379 2171 Παιᾶωνς
421 2136 479 2165 Ἰάν
509 2143 572 2174 pro
604 2136 702 2171 Ἰιίωνς
736 2136 866 2173 Ἀλκμάν
892 2144 956 2175 pro
984 2137 1152 2173 Ἀλκμάων,
1184 2136 1322 2166 Ποσιδιίν
1349 2143 1414 2174 pro
1443 2136 1628 2166 Ποσειδέων.

147 2174 290 2213 (Ahrens
313 2175 355 2206 de
379 2175 455 2206 dial.
479 2175 562 2206 aeol.
585 2185 619 2215 p.
645 2176 729 2216 102.)
771 2175 868 2214 Quod
890 2176 934 2207 ad
958 2178 1136 2207 accentum
1157 2175 1300 2214 adtinet,
1321 2174 1414 2207 locos
1435 2176 1631 2216 grammati-

149 2225 267 2247 corum
289 2216 331 2247 de
352 2215 416 2247 hae
437 2225 475 2247 re
499 2215 590 2256 apud
603 2215 736 2248 Ahrens
758 2216 801 2247 de
822 2216 900 2248 dial.
924 2217 1009 2248 aeol.
1030 2227 1064 2257 p.
1073 2218 1145 2251 233.
1157 2218 1192 2248 et
1213 2216 1257 2248 de
1278 2216 1357 2247 dial.
1380 2215 1452 2249 dor.
1473 2225 1507 2257 p.
1527 2218 1579 2249 26.
1602 2226 1630 2249 0.

145 2267 394 2330 ᾛὲἷιῖῗθῗίᾰν
415 2296 558 2338 (Αιπεηε
580 2298 622 2329 de
645 2297 722 2330 dial.
745 2299 828 2331 aeol.
850 2309 885 2340 p.
909 2300 1021 2340 175.p.
1031 2299 1099 2340 88.)
1121 2299 1176 2330 vel
1197 2302 1257 2331 za.
1278 2298 1369 2340 (Ahr.
1392 2299 1435 2331 de
1455 2298 1534 2331 dial.
1552 2299 1627 2333 dor.

143 2350 177 2379 p.
204 2341 272 2372 139.
294 2350 328 2381 p.
354 2339 442 2380 241.)
464 2349 535 2371 non
557 2349 598 2371 ex
620 2340 857 2372 contractione
879 2342 955 2372 orta
975 2341 1122 2380 videtur,
1143 2339 1203 2371 sed
1223 2340 1311 2372 sicut
1328 2341 1467 2372 nomina
1485 2341 1630 2382 populo·

143 2391 219 2412 rum
241 2381 277 2413 in
298 2395 336 2422 ην
359 2381 537 2420 exeuntia,
562 2381 679 2412 dorice
701 2396 737 2414 αν
759 2381 942 2424 finiuntur,
963 2385 1003 2414 ut
1023 2385 1150 2420 Ἀίνιοίν,
1176 2384 1317 2424 Ἀκαρνάν
1341 2385 1465 2423 Τροιζᾶν
1484 2382 1627 2424 (Ahrens

143 2422 185 2454 de
216 2423 296 2457 dial.
327 2422 399 2455 dor.
432 2432 465 2463 p.
501 2424 581 2462 135.)
624 2423 672 2455 sic
707 2423 810 2455 etiam
846 2428 925 2463 Δάν,
969 2427 1029 2456 Ζάν
1057 2433 1121 2465 pro
1152 2428 1213 2464 Ζῆν
1241 2424 1278 2456 111
1307 2423 1460 2456 dialectis
1494 2423 1624 2456 dictum
1644 2437 1655 2442 ’

142 2474 213 2496 esse
233 2468 328 2504 puto.

100 2518 122 2557 2)
145 2520 286 2553 Ahrens.
306 2519 425 2552 Bucol.
448 2518 563 2558 Graec.
586 2519 647 2552 rel.
670 2519 708 2551 T.
730 2519 771 2551 11.
792 2531 826 2561 p.
848 2522 899 2552 35.
920 2531 953 2552 11.
977 2521 1025 2552 15.

99 2574 122 2616 ³)
141 2575 224 2606 Cum
246 2575 353 2608 schol.
369 2575 513 2607 Theocr.
531 2575 580 2606 Id.
604 2577 631 2606 1.
654 2576 682 2607 3.
706 2576 764 2616 qui
787 2577 829 2609 de
851 2577 941 2609 Pane
962 2576 1012 2609 ita
1034 2576 1187 2610 disserit:
1209 2580 1244 2608 οἱ
1261 2579 1297 2609 δὲ
1317 2579 1440 2618 λέγουσι
1462 2579 1514 2609 διὰ
1535 2581 1626 2610 τοῦτο

138 2620 222 2654 Πάν,
244 2619 292 2648 ὅτι
313 2623 370 2656 τῆς
392 2622 489 2663 φορᾶς
511 2619 575 2648 ἔστι
600 2622 745 2656 σημεῖον,
777 2621 861 2650 τοῦτ’
881 2621 945 2650 ἐστι
965 2624 1021 2651 τοῦ
1043 2621 1158 2654 παντὸς
1178 2618 1257 2650 ὅθεν
1278 2623 1387 2660 κυρίως
1408 2622 1624 2660 προςαγορεόε-

137 2672 186 2689 ται
208 2662 291 2696 Πάν,
321 2660 492 2690 consentit
522 2657 614 2690 Serv.
636 2658 680 2689 ad
701 2659 802 2700 Verg.
825 2660 896 2691 Ecl.
919 2660 958 2692 Π.
980 2662 1030 2692 34.
1073 2659 1130 2691 Sil.
1151 2659 1227 2691 Ital.
1247 2658 1335 2692 Xffl.
1358 2660 1430 2691 332.
1470 2659 1620 2694 Macrob.

137 2699 206 2731 Sat.
232 2702 258 2730 1.
282 2702 330 2731 22.
373 2699 541 2740 Porphyr‚
565 2710 617 2740 ap.
641 2699 765 2733 Euseb.
787 2702 906 2743 Praep.
928 2701 1060 2743 Evang.
1083 2701 1138 2733 VI.
1159 2711 1193 2742 p.
1217 2702 1286 2733 114.
1327 2700 1464 2734 Cornut.
1487 2702 1531 2735 de
1550 2704 1622 2735 nat.

137 2741 230 2772 deor.
252 2741 382 2773 XXVII.
404 2741 480 2773 Isid.
504 2741 594 2782 Orig.
617 2741 701 2774 VIII.
724 2745 781 2783 20;
817 2743 875 2783 qui
910 2753 1027 2775 omnes
1060 2742 1401 2783 illam,-Orphicorum
1429 2741 1620 2777 doctrinam

136 2783 295 2814 obtinent
326 2792 518 2824 nomenque
549 2785 610 2814 dno*
647 2789 703 2816 τοῦ
735 2788 856 2823 παντός,
887 2784 1077 2817 derivatum
1109 2794 1181 2816 esse
1216 2786 1364 2817 censent.
1394 2783 1435 2816 cf.
1469 2786 1618 2819 Lobeck.

134 2824 302 2866 Aglaoph.
326 2835 360 2865 p,
382 2826 452 2856 487.

1583 0 1587 4 .
1659 0 1731 66 ,Ἣ
