1731 2980
760 23 1013 63 -VI-

218 129 401 173 Primum
433 128 562 182 igitur
591 128 715 181 mihi,
759 129 950 181 quoniam
992 129 1124 171 omnis
1155 127 1382 182 disputatio
1414 128 1467 171 ab
1498 130 1658 184 origine

98 190 269 243 incipiat
294 198 459 232 necesse
489 192 565 241 est,
597 187 648 230 de
677 188 868 231 vocabuli
901 188 989 231 Pan
1024 191 1161 243 etymo
1193 187 1321 232 verba
1340 186 1527 231 facienda
1548 195 1656 244 sunt,

99 250 289 305 deinceps
328 252 489 302 autem,
523 260 648 302 quum
678 247 789 302 apud
818 248 1045 303 Aegyptios
1083 247 1304 291 secundum
1333 247 1537 291 Herodoti
1566 261 1658 292 sen-

99 311 269 353 tentiam
303 309 475 351 similem
506 307 708 362 quendam
750 308 1002 352 inveniamus
1044 309 1165 352 deum
1205 321 1336 364 neque
1373 309 1508 351 minus
1547 309 1659 363 apud

97 370 273 424 populos
302 369 532 421 Asiaticos,
564 370 805 422 priusquam
835 368 886 410 de
915 370 1027 412 Pane
1068 368 1321 412 Graecorum
1365 368 1441 411 deo
1473 380 1656 423 agamus,

98 441 231 484 pauca
261 429 311 471 de
341 428 492 471 Mende
522 429 824 483 Aegyptiorum
864 432 988 483 atque
1028 428 1080 472 de
1115 429 1227 472 Pane
1254 428 1558 483 Asiaticorum,
1605 428 1657 472 de

99 491 268 544 ejusque
297 494 447 532 natura
477 492 519 531 et
550 501 641 530 cum
661 489 773 531 Pane
793 488 1047 532 Graecorum
1066 488 1335 532 similitudine
1354 488 1659 543 praemittenda

98 549 302 592 videntur.

217 609 376 651 Deinde
405 621 505 651 vero
534 608 589 650 ad
617 613 808 652 naturam
839 607 906 651 dei
936 609 1104 664 ejusque
1133 609 1411 664 proprietates
1432 608 1535 651 bene
1560 620 1656 663 per-

98 668 331 724 spiciendas
348 669 364 725 ,‘
404 669 591 724 mythum
628 681 709 724 quo
750 670 842 712 loco
882 670 1109 725 quibusque
1148 670 1390 725 parentibus
1426 672 1547 713 natus
1587 670 1655 723 sit,

96 743 282 784 quaeque
309 732 493 784 corporis
523 729 657 772 forma
685 730 833 784 fuerit,
873 730 1058 774 breviter
1098 731 1380 785 perstringere
1407 734 1532 785 atque
1561 730 1656 773 illu-

97 794 234 833 strare
247 823 257 843 ,
290 802 358 833 res
388 791 482 844 ipsa
511 793 663 833 monet.

216 850 380 893 Natura
409 853 548 893 autem
578 850 667 904 ejus
697 852 805 893 satis*
831 851 1032 905 exposita,
1065 850 1168 893 illud
1197 850 1330 893 adhuc
1357 853 1519 894 restare
1539 849 1656 901 vide-

96 915 179 964 tur,
211 914 260 953 ut
276 923 368 953 cum
382 910 616 953 numinibus
631 911 779 953 similis
794 913 968 952 naturae
994 914 1268 964 comparetur,
1301 911 1501 965 simulque
1531 922 1656 964 quum

96 970 372 1024 Orphicorum
415 970 465 1013 de
506 970 617 1013 Pane
648 970 835 1013 doctrina
864 983 889 1012 a
920 971 1068 1013 ceteris
1100 970 1306 1025 disjuncta
1336 973 1460 1024 atque
1491 969 1657 1013 diversa

98 1031 177 1084 sit,
209 1030 310 1084 quid
341 1030 392 1072 de
422 1030 512 1085 ejus
543 1030 812 1084 qualitatibus
841 1030 1248 1084 proprietatibusque
1279 1031 1481 1084 sentiant,
1513 1030 1654 1085 expla-

96 1102 197 1133 nare
227 1091 271 1132 in
300 1092 436 1132 animo
468 1093 544 1132 est.

216 1150 402 1204 Denique
431 1150 584 1192 Panem
615 1161 706 1192 cum
736 1150 893 1203 Fauno,
925 1150 1126 1192 Italorum
1146 1149 1236 1204 deo,
1270 1162 1510 1205 comparare
1540 1150 1654 1192 simi-

96 1209 370 1264 litudinesque
400 1222 542 1253 eorum
572 1213 767 1263 tractare,
797 1222 880 1251 non
899 1210 1032 1252 solum
1050 1210 1219 1253 deorum
1241 1214 1403 1264 natura,
1436 1209 1510 1253 sed
1528 1211 1652 1253 etiam

97 1269 396 1324 quodammodo
424 1271 631 1312 nominum
662 1271 913 1324 etymologia
941 1269 1145 1312 admonet.

217 1330 432 1373 Accedunt
460 1333 684 1384 postremo,
717 1342 821 1383 quae
851 1329 902 1372 de
930 1333 1064 1372 morte
1094 1330 1218 1373 Panis
1249 1330 1360 1384 apud
1384 1329 1651 1373 Plutarchum

98 1390 149 1432 de
180 1402 288 1433 orac.
322 1390 401 1432 def.
433 1403 474 1444 p.
509 1392 609 1432 419.
641 1390 688 1432 B.
722 1402 762 1444 p.
798 1391 896 1432 815.
929 1390 1141 1444 Wyttenb.
1184 1393 1228 1432 et
1268 1389 1319 1432 de
1359 1390 1546 1433 Paniscis
1577 1402 1652 1433 suo

98 1451 187 1494 loco
219 1450 392 1494 dicenda
419 1449 624 1494 videntur.

221 1511 335 1564 Quae
366 1523 491 1564 quum
521 1512 582 1552 ita
611 1510 906 1563 disposuerim,
938 1510 1105 1551 minime
1134 1520 1200 1552 me
1230 1510 1396 1563 effugit,
1428 1511 1472 1552 in
1499 1510 1578 1552 hac
1606 1522 1653 1553 re

98 1570 317 1614 tractanda
346 1572 545 1613 maximas
564 1569 756 1624 praeberi
778 1568 1043 1612 difficultates
1064 1569 1431 1624 dissensionesque,
1462 1581 1652 1625 praeser-

100 1633 176 1674 tim
206 1644 328 1685 quum
351 1635 453 1685 quot
472 1631 694 1684 quantique
713 1630 808 1683 viri,
840 1643 980 1673 rerum
1000 1630 1261 1684 antiquarum
1280 1630 1512 1685 cognitione
1532 1631 1653 1685 longe

98 1692 447 1745 praestantissimi
487 1690 855 1744 eruditissimique,
898 1693 984 1732 tam
1012 1691 1127 1732 varie
1165 1690 1406 1745 diverseque
1437 1691 1651 1744 senserint,

99 1753 234 1795 animo
265 1755 482 1806 menteque
511 1751 819 1805 perlustrarem.
892 1749 1029 1804 Quare
1055 1762 1107 1793 ne
1138 1749 1333 1794 audacior
1362 1750 1520 1794 viribus
1550 1752 1652 1795 meis

98 1814 420 1865 insolentiorque
453 1812 581 1853 fuisse
610 1811 776 1863 videar,
809 1824 933 1864 quum
963 1810 1017 1853 ad
1037 1824 1140 1864 opus
1156 1811 1339 1854 humeris
1362 1812 1462 1853 meis
1484 1813 1652 1865 gravius

99 1871 412 1915 sustentandum
443 1870 675 1926 aggrediar,
706 1870 808 1913 haec
834 1883 1000 1913 monere
1024 1871 1161 1925 velim,
1192 1882 1258 1913 me
1278 1875 1321 1914 et
1338 1874 1653 1926 praeceptorum

99 1945 284 1975 meorum
313 1932 601 1975 adhortatione
631 1935 674 1974 et
702 1931 764 1973 rei
792 1931 1033 1974 tractandae
1051 1931 1349 1976 delectamento
1373 1931 1426 1975 ad
1448 1931 1492 1975 id
1522 1933 1651 1975 susci-

98 1991 292 2046 piendum
324 1995 448 2045 atque
479 1990 773 2044 disponendum
804 1995 1048 2033 commotum
1079 2003 1180 2033 esse.
