<?xml version="1.0" encoding="UTF-8"?>
<!DOCTYPE html PUBLIC "-//W3C//DTD XHTML 1.0 Transitional//EN"
    "http://www.w3.org/TR/xhtml1/DTD/xhtml1-transitional.dtd">
<html xmlns="http://www.w3.org/1999/xhtml" xml:lang="en" lang="en">
 <head>
  <title>
</title>
<meta http-equiv="Content-Type" content="text/html;charset=utf-8" />
  <meta name='ocr-system' content='tesseract 3.04.00' />
  <meta name='ocr-capabilities' content='ocr_page ocr_carea ocr_par ocr_line ocrx_word'/>
</head>
<body>
  <div class='ocr_page' id='page_1' title='image "4737332_0057.png"; bbox 0 0 1731 2980; ppageno 0'>
   <div class='ocr_carea' id='block_1_1' title="bbox 755 21 1001 58">
    <p class='ocr_par' dir='ltr' id='par_1_1' title="bbox 755 21 1001 58">
     <span class='ocr_line' id='line_1_1' title="bbox 755 21 1001 58; baseline 0.004 -11"><span class='ocrx_word' id='word_1_1' title='bbox 755 21 1001 58; x_wconf 71' lang='lat'>-44-</span> 
     </span>
    </p>
   </div>
   <div class='ocr_carea' id='block_1_2' title="bbox 103 116 1661 813">
    <p class='ocr_par' dir='ltr' id='par_1_2' title="bbox 131 116 1658 209">
     <span class='ocr_line' id='line_1_2' title="bbox 205 116 1658 173; baseline 0.002 -14"><span class='ocrx_word' id='word_1_2' title='bbox 205 121 310 167; x_wconf 86' lang='lat' dir='ltr'>Quae</span> <span class='ocrx_word' id='word_1_3' title='bbox 335 131 423 158; x_wconf 85' lang='lat' dir='ltr'>vero</span> <span class='ocrx_word' id='word_1_4' title='bbox 448 117 712 168; x_wconf 76' lang='lat' dir='ltr'><strong>interpretatio</strong></span> <span class='ocrx_word' id='word_1_5' title='bbox 738 118 992 168; x_wconf 83' lang='lat' dir='ltr'>amplexanda</span> <span class='ocrx_word' id='word_1_6' title='bbox 1023 116 1213 167; x_wconf 82' lang='lat' dir='ltr'>videatur,</span> <span class='ocrx_word' id='word_1_7' title='bbox 1246 131 1323 158; x_wconf 90' lang='lat' dir='ltr'>non</span> <span class='ocrx_word' id='word_1_8' title='bbox 1347 120 1488 170; x_wconf 75' lang='lat' dir='ltr'>habeo,</span> <span class='ocrx_word' id='word_1_9' title='bbox 1519 123 1658 173; x_wconf 86' lang='lat' dir='ltr'>quibus</span> 
     </span>
     <span class='ocr_line' id='line_1_3' title="bbox 131 172 310 209; baseline -0.006 0"><span class='ocrx_word' id='word_1_10' title='bbox 131 172 273 209; x_wconf 83' lang='lat' dir='ltr'>robem.</span> <span class='ocrx_word' id='word_1_11' title='bbox 300 174 310 194; x_wconf 86' lang='lat'><strong>¹</strong></span> 
     </span>
    </p>

    <p class='ocr_par' dir='ltr' id='par_1_3' title="bbox 103 171 1660 468">
     <span class='ocr_line' id='line_1_4' title="bbox 103 171 1658 270; baseline 0.001 -11"><span class='ocrx_word' id='word_1_12' title='bbox 103 185 129 222; x_wconf 76' lang='lat' dir='ltr'>p</span> <span class='ocrx_word' id='word_1_13' title='bbox 203 221 288 259; x_wconf 91' lang='lat' dir='ltr'>Hoc</span> <span class='ocrx_word' id='word_1_14' title='bbox 312 171 444 258; x_wconf 59' lang='lat' dir='ltr'>{tutem</span> <span class='ocrx_word' id='word_1_15' title='bbox 477 217 693 267; x_wconf 86' lang='lat' dir='ltr'>explicandi</span> <span class='ocrx_word' id='word_1_16' title='bbox 722 229 859 267; x_wconf 85' lang='lat' dir='ltr'>genere</span> <span class='ocrx_word' id='word_1_17' title='bbox 891 217 997 256; x_wconf 89' lang='lat' dir='ltr'>locus</span> <span class='ocrx_word' id='word_1_18' title='bbox 1026 217 1091 255; x_wconf 84' lang='lat' dir='ltr'>ille</span> <span class='ocrx_word' id='word_1_19' title='bbox 1118 217 1315 256; x_wconf 80' lang='lat' dir='ltr'><strong>Plutarchi</strong></span> <span class='ocrx_word' id='word_1_20' title='bbox 1346 218 1512 258; x_wconf 82' lang='lat' dir='ltr'>difficilis</span> <span class='ocrx_word' id='word_1_21' title='bbox 1542 222 1658 270; x_wconf 83' lang='lat' dir='ltr'>paulo</span> 
     </span>
     <span class='ocr_line' id='line_1_5' title="bbox 105 268 1658 325; baseline -0.001 -16"><span class='ocrx_word' id='word_1_22' title='bbox 105 271 226 320; x_wconf 81' lang='lat' dir='ltr'>magis</span> <span class='ocrx_word' id='word_1_23' title='bbox 257 270 481 319; x_wconf 84' lang='lat' dir='ltr'>perspicuus</span> <span class='ocrx_word' id='word_1_24' title='bbox 512 269 573 315; x_wconf 83' lang='lat' dir='ltr'>fit,</span> <span class='ocrx_word' id='word_1_25' title='bbox 608 268 682 305; x_wconf 91' lang='lat' dir='ltr'>nisi</span> <span class='ocrx_word' id='word_1_26' title='bbox 716 268 814 305; x_wconf 85' lang='lat' dir='ltr'>forte</span> <span class='ocrx_word' id='word_1_27' title='bbox 849 279 935 305; x_wconf 91' lang='lat' dir='ltr'>eum</span> <span class='ocrx_word' id='word_1_28' title='bbox 970 268 1113 317; x_wconf 86' lang='lat' dir='ltr'>ipsum,</span> <span class='ocrx_word' id='word_1_29' title='bbox 1153 279 1230 317; x_wconf 86' lang='lat' dir='ltr'>qua</span> <span class='ocrx_word' id='word_1_30' title='bbox 1265 268 1533 325; x_wconf 75' lang='lat' dir='ltr'><strong>superstitione</strong></span> <span class='ocrx_word' id='word_1_31' title='bbox 1554 270 1658 308; x_wconf 68' lang='lat' dir='ltr'>Plu-</span> 
     </span>
     <span class='ocr_line' id='line_1_6' title="bbox 105 316 1660 367; baseline 0 -9"><span class='ocrx_word' id='word_1_32' title='bbox 105 321 263 358; x_wconf 88' lang='lat' dir='ltr'>tarchus</span> <span class='ocrx_word' id='word_1_33' title='bbox 275 322 479 360; x_wconf 82' lang='lat' dir='ltr'>teneretur.</span> <span class='ocrx_word' id='word_1_34' title='bbox 505 317 764 355; x_wconf 85' lang='lat' dir='ltr'>testimonium</span> <span class='ocrx_word' id='word_1_35' title='bbox 788 328 869 355; x_wconf 89' lang='lat' dir='ltr'>esse</span> <span class='ocrx_word' id='word_1_36' title='bbox 893 316 1062 364; x_wconf 60' lang='lat' dir='ltr'>velimffl,</span> <span class='ocrx_word' id='word_1_37' title='bbox 1088 319 1155 354; x_wconf 88' lang='lat' dir='ltr'>aut</span> <span class='ocrx_word' id='word_1_38' title='bbox 1180 329 1296 367; x_wconf 92' lang='lat' dir='ltr'>quum</span> <span class='ocrx_word' id='word_1_39' title='bbox 1309 317 1454 356; x_wconf 84' lang='lat' dir='ltr'>insoliti</span> <span class='ocrx_word' id='word_1_40' title='bbox 1476 319 1660 358; x_wconf 84' lang='lat' dir='ltr'>tumultus</span> 
     </span>
     <span class='ocr_line' id='line_1_7' title="bbox 105 366 1660 418; baseline 0 -11"><span class='ocrx_word' id='word_1_41' title='bbox 105 381 293 418; x_wconf 84' lang='lat' dir='ltr'>vocesque</span> <span class='ocrx_word' id='word_1_42' title='bbox 315 369 485 406; x_wconf 83' lang='lat' dir='ltr'>insuetae</span> <span class='ocrx_word' id='word_1_43' title='bbox 509 367 622 404; x_wconf 84' lang='lat' dir='ltr'>Panis</span> <span class='ocrx_word' id='word_1_44' title='bbox 647 378 728 405; x_wconf 88' lang='lat' dir='ltr'>esse</span> <span class='ocrx_word' id='word_1_45' title='bbox 753 366 980 414; x_wconf 82' lang='lat' dir='ltr'>dicerentur,</span> <span class='ocrx_word' id='word_1_46' title='bbox 996 366 1287 416; x_wconf 81' lang='lat' dir='ltr'>gubernatorem</span> <span class='ocrx_word' id='word_1_47' title='bbox 1302 366 1495 405; x_wconf 85' lang='lat' dir='ltr'>insolitum</span> <span class='ocrx_word' id='word_1_48' title='bbox 1514 367 1660 418; x_wconf 83' lang='lat' dir='ltr'>aliquid</span> 
     </span>
     <span class='ocr_line' id='line_1_8' title="bbox 106 415 1150 468; baseline -0.003 -12"><span class='ocrx_word' id='word_1_49' title='bbox 106 419 379 468; x_wconf 84' lang='lat' dir='ltr'>percipientem</span> <span class='ocrx_word' id='word_1_50' title='bbox 405 416 456 454; x_wconf 85' lang='lat' dir='ltr'>ad</span> <span class='ocrx_word' id='word_1_51' title='bbox 479 416 621 454; x_wconf 87' lang='lat' dir='ltr'>Panem</span> <span class='ocrx_word' id='word_1_52' title='bbox 645 415 741 453; x_wconf 90' lang='lat' dir='ltr'>haec</span> <span class='ocrx_word' id='word_1_53' title='bbox 764 416 940 454; x_wconf 89' lang='lat' dir='ltr'>retulisse</span> <span class='ocrx_word' id='word_1_54' title='bbox 993 418 1150 453; x_wconf 86' lang='lat' dir='ltr'>utemus.</span> 
     </span>
    </p>

    <p class='ocr_par' dir='ltr' id='par_1_4' title="bbox 108 464 1661 752">
     <span class='ocr_line' id='line_1_9' title="bbox 207 464 1660 515; baseline -0.002 -9"><span class='ocrx_word' id='word_1_55' title='bbox 207 468 318 507; x_wconf 89' lang='lat' dir='ltr'>lllam</span> <span class='ocrx_word' id='word_1_56' title='bbox 342 478 432 505; x_wconf 89' lang='lat' dir='ltr'>vero</span> <span class='ocrx_word' id='word_1_57' title='bbox 458 465 731 513; x_wconf 84' lang='lat' dir='ltr'>definitionem,</span> <span class='ocrx_word' id='word_1_58' title='bbox 768 476 845 515; x_wconf 81' lang='lat' dir='ltr'>qua</span> <span class='ocrx_word' id='word_1_59' title='bbox 878 464 942 504; x_wconf 90' lang='lat' dir='ltr'>hic</span> <span class='ocrx_word' id='word_1_60' title='bbox 990 477 1080 504; x_wconf 86' lang='lat' dir='ltr'>ocus</span> <span class='ocrx_word' id='word_1_61' title='bbox 1110 465 1366 504; x_wconf 85' lang='lat' dir='ltr'>testimonium</span> <span class='ocrx_word' id='word_1_62' title='bbox 1391 465 1567 515; x_wconf 87' lang='lat' dir='ltr'>gentibus</span> <span class='ocrx_word' id='word_1_63' title='bbox 1591 467 1660 514; x_wconf 87' lang='lat' dir='ltr'>est,</span> 
     </span>
     <span class='ocr_line' id='line_1_10' title="bbox 108 515 1661 565; baseline -0.001 -9"><span class='ocrx_word' id='word_1_64' title='bbox 108 518 310 556; x_wconf 89' lang='lat' dir='ltr'>Dominum</span> <span class='ocrx_word' id='word_1_65' title='bbox 334 519 506 555; x_wconf 88' lang='lat' dir='ltr'>nostrum</span> <span class='ocrx_word' id='word_1_66' title='bbox 532 527 613 554; x_wconf 88' lang='lat' dir='ltr'>esse</span> <span class='ocrx_word' id='word_1_67' title='bbox 637 518 828 553; x_wconf 88' lang='lat' dir='ltr'>mortuum</span> <span class='ocrx_word' id='word_1_68' title='bbox 843 515 873 565; x_wconf 82' lang='lat'>²)</span> <span class='ocrx_word' id='word_1_69' title='bbox 900 515 1073 553; x_wconf 89' lang='lat' dir='ltr'>omittere</span> <span class='ocrx_word' id='word_1_70' title='bbox 1098 515 1237 564; x_wconf 89' lang='lat' dir='ltr'>placet,</span> <span class='ocrx_word' id='word_1_71' title='bbox 1264 528 1381 564; x_wconf 92' lang='lat' dir='ltr'>quum</span> <span class='ocrx_word' id='word_1_72' title='bbox 1405 515 1661 554; x_wconf 81' lang='lat' dir='ltr'>dubitationes</span> 
     </span>
     <span class='ocr_line' id='line_1_11' title="bbox 110 564 1661 615; baseline -0.001 -11"><span class='ocrx_word' id='word_1_73' title='bbox 110 568 430 615; x_wconf 84' lang='lat' dir='ltr'>difficultatesque</span> <span class='ocrx_word' id='word_1_74' title='bbox 456 576 616 614; x_wconf 82' lang='lat' dir='ltr'>magnae</span> <span class='ocrx_word' id='word_1_75' title='bbox 641 565 681 601; x_wconf 92' lang='lat' dir='ltr'>in</span> <span class='ocrx_word' id='word_1_76' title='bbox 707 576 754 602; x_wconf 88' lang='lat' dir='ltr'>ea</span> <span class='ocrx_word' id='word_1_77' title='bbox 778 565 864 611; x_wconf 86' lang='lat' dir='ltr'>sint,</span> <span class='ocrx_word' id='word_1_78' title='bbox 891 569 1006 613; x_wconf 88' lang='lat' dir='ltr'>atque</span> <span class='ocrx_word' id='word_1_79' title='bbox 1030 565 1063 601; x_wconf 88' lang='lat' dir='ltr'>si</span> <span class='ocrx_word' id='word_1_80' title='bbox 1087 565 1246 601; x_wconf 87' lang='lat' dir='ltr'>veritate</span> <span class='ocrx_word' id='word_1_81' title='bbox 1269 565 1465 611; x_wconf 88' lang='lat' dir='ltr'>niteretur,</span> <span class='ocrx_word' id='word_1_82' title='bbox 1490 576 1567 602; x_wconf 93' lang='lat' dir='ltr'>non</span> <span class='ocrx_word' id='word_1_83' title='bbox 1583 564 1661 602; x_wconf 90' lang='lat' dir='ltr'>Do-</span> 
     </span>
     <span class='ocr_line' id='line_1_12' title="bbox 109 613 1661 662; baseline -0.001 -8"><span class='ocrx_word' id='word_1_84' title='bbox 109 616 233 654; x_wconf 87' lang='lat' dir='ltr'>minus</span> <span class='ocrx_word' id='word_1_85' title='bbox 256 618 387 654; x_wconf 90' lang='lat' dir='ltr'>noster</span> <span class='ocrx_word' id='word_1_86' title='bbox 410 614 513 653; x_wconf 91' lang='lat' dir='ltr'>illius</span> <span class='ocrx_word' id='word_1_87' title='bbox 541 614 656 652; x_wconf 85' lang='lat' dir='ltr'>Panis</span> <span class='ocrx_word' id='word_1_88' title='bbox 680 613 808 662; x_wconf 88' lang='lat' dir='ltr'>magni</span> <span class='ocrx_word' id='word_1_89' title='bbox 831 614 982 652; x_wconf 86' lang='lat' dir='ltr'>nomine</span> <span class='ocrx_word' id='word_1_90' title='bbox 1006 613 1256 651; x_wconf 82' lang='lat' dir='ltr'>nominandus</span> <span class='ocrx_word' id='word_1_91' title='bbox 1281 613 1483 661; x_wconf 89' lang='lat' dir='ltr'>videretur,</span> <span class='ocrx_word' id='word_1_92' title='bbox 1510 613 1578 652; x_wconf 86' lang='lat' dir='ltr'>sed</span> <span class='ocrx_word' id='word_1_93' title='bbox 1601 626 1661 652; x_wconf 90' lang='lat' dir='ltr'>re-</span> 
     </span>
     <span class='ocr_line' id='line_1_13' title="bbox 109 662 1661 714; baseline -0.001 -11"><span class='ocrx_word' id='word_1_94' title='bbox 109 665 268 714; x_wconf 87' lang='lat' dir='ltr'>ligiones</span> <span class='ocrx_word' id='word_1_95' title='bbox 300 665 479 713; x_wconf 85' lang='lat' dir='ltr'>antiquae</span> <span class='ocrx_word' id='word_1_96' title='bbox 493 695 502 711; x_wconf 94' lang='lat'>‚</span> <span class='ocrx_word' id='word_1_97' title='bbox 540 675 638 713; x_wconf 87' lang='lat' dir='ltr'>quae</span> <span class='ocrx_word' id='word_1_98' title='bbox 672 663 753 712; x_wconf 87' lang='lat' dir='ltr'>ejus</span> <span class='ocrx_word' id='word_1_99' title='bbox 786 665 908 701; x_wconf 88' lang='lat' dir='ltr'>morte</span> <span class='ocrx_word' id='word_1_100' title='bbox 942 663 1112 701; x_wconf 81' lang='lat' dir='ltr'>funditus</span> <span class='ocrx_word' id='word_1_101' title='bbox 1144 662 1293 701; x_wconf 85' lang='lat' dir='ltr'>deletae</span> <span class='ocrx_word' id='word_1_102' title='bbox 1318 665 1433 712; x_wconf 88' lang='lat' dir='ltr'>atque</span> <span class='ocrx_word' id='word_1_103' title='bbox 1459 675 1661 702; x_wconf 81' lang='lat' dir='ltr'>conversae</span> 
     </span>
     <span class='ocr_line' id='line_1_14' title="bbox 109 715 242 752; baseline -0.008 0"><span class='ocrx_word' id='word_1_104' title='bbox 109 717 206 752; x_wconf 89' lang='lat' dir='ltr'>sunt.</span> <span class='ocrx_word' id='word_1_105' title='bbox 228 715 242 736; x_wconf 70' lang='lat'>³⁴</span> 
     </span>
    </p>

    <p class='ocr_par' dir='ltr' id='par_1_5' title="bbox 209 717 1555 813">
     <span class='ocr_line' id='line_1_15' title="bbox 209 717 1555 813; baseline -0.001 -12"><span class='ocrx_word' id='word_1_106' title='bbox 209 717 334 810; x_wconf 71' lang='lat' dir='ltr'>Qiiare</span> <span class='ocrx_word' id='word_1_107' title='bbox 355 763 436 813; x_wconf 84' lang='lat' dir='ltr'>jam</span> <span class='ocrx_word' id='word_1_108' title='bbox 461 762 511 801; x_wconf 83' lang='lat' dir='ltr'>ad</span> <span class='ocrx_word' id='word_1_109' title='bbox 537 762 677 801; x_wconf 87' lang='lat' dir='ltr'>Panem</span> <span class='ocrx_word' id='word_1_110' title='bbox 704 773 789 799; x_wconf 90' lang='lat' dir='ltr'>cum</span> <span class='ocrx_word' id='word_1_111' title='bbox 815 760 899 800; x_wconf 88' lang='lat' dir='ltr'>aliis</span> <span class='ocrx_word' id='word_1_112' title='bbox 924 760 997 799; x_wconf 90' lang='lat' dir='ltr'>diis</span> <span class='ocrx_word' id='word_1_113' title='bbox 1023 760 1318 810; x_wconf 83' lang='lat' dir='ltr'>comparandmn</span> <span class='ocrx_word' id='word_1_114' title='bbox 1344 761 1555 811; x_wconf 83' lang='lat' dir='ltr'>aggredior.</span> 
     </span>
    </p>
   </div>
   <div class='ocr_carea' id='block_1_3' title="bbox 810 934 963 995">
    <p class='ocr_par' dir='ltr' id='par_1_6' title="bbox 810 934 963 995">
     <span class='ocr_line' id='line_1_16' title="bbox 810 934 963 995; baseline -0.02 -14"><span class='ocrx_word' id='word_1_115' title='bbox 810 934 856 995; x_wconf 66' lang='lat'>5.</span> <span class='ocrx_word' id='word_1_116' title='bbox 895 935 963 979; x_wconf 87' lang='lat'>11.</span> 
     </span>
    </p>
   </div>
   <div class='ocr_carea' id='block_1_4' title="bbox 313 1073 1470 1131">
    <p class='ocr_par' dir='ltr' id='par_1_7' title="bbox 313 1073 1470 1131">
     <span class='ocr_line' id='line_1_17' title="bbox 313 1073 1470 1131; baseline 0 -15"><span class='ocrx_word' id='word_1_117' title='bbox 313 1074 400 1117; x_wconf 82' lang='lat' dir='ltr'>Pan</span> <span class='ocrx_word' id='word_1_118' title='bbox 434 1088 526 1116; x_wconf 91' lang='lat' dir='ltr'>cum</span> <span class='ocrx_word' id='word_1_119' title='bbox 559 1073 656 1116; x_wconf 88' lang='lat' dir='ltr'>aliis</span> <span class='ocrx_word' id='word_1_120' title='bbox 689 1073 770 1117; x_wconf 87' lang='lat' dir='ltr'>diis</span> <span class='ocrx_word' id='word_1_121' title='bbox 803 1074 952 1118; x_wconf 86' lang='lat' dir='ltr'>similis</span> <span class='ocrx_word' id='word_1_122' title='bbox 982 1080 1159 1117; x_wconf 85' lang='lat' dir='ltr'>naturae</span> <span class='ocrx_word' id='word_1_123' title='bbox 1192 1080 1470 1131; x_wconf 81' lang='lat' dir='ltr'>comparatur.</span> 
     </span>
    </p>
   </div>
   <div class='ocr_carea' id='block_1_5' title="bbox 111 1189 1673 2133">
    <p class='ocr_par' dir='ltr' id='par_1_8' title="bbox 111 1189 1664 1337">
     <span class='ocr_line' id='line_1_18' title="bbox 211 1189 1664 1238; baseline 0.001 -12"><span class='ocrx_word' id='word_1_124' title='bbox 211 1190 419 1238; x_wconf 81' lang='lat' dir='ltr'>Praecipue</span> <span class='ocrx_word' id='word_1_125' title='bbox 453 1189 526 1226; x_wconf 86' lang='lat' dir='ltr'>hoc</span> <span class='ocrx_word' id='word_1_126' title='bbox 551 1189 635 1226; x_wconf 87' lang='lat' dir='ltr'>loco</span> <span class='ocrx_word' id='word_1_127' title='bbox 660 1189 717 1227; x_wconf 91' lang='lat' dir='ltr'>illi</span> <span class='ocrx_word' id='word_1_128' title='bbox 742 1189 796 1227; x_wconf 82' lang='lat' dir='ltr'>dii</span> <span class='ocrx_word' id='word_1_129' title='bbox 822 1189 1139 1227; x_wconf 87' lang='lat' dir='ltr'>commemorandi</span> <span class='ocrx_word' id='word_1_130' title='bbox 1162 1190 1355 1236; x_wconf 87' lang='lat' dir='ltr'>videntur,</span> <span class='ocrx_word' id='word_1_131' title='bbox 1391 1190 1456 1238; x_wconf 90' lang='lat' dir='ltr'>qui</span> <span class='ocrx_word' id='word_1_132' title='bbox 1490 1192 1558 1227; x_wconf 85' lang='lat' dir='ltr'>aut</span> <span class='ocrx_word' id='word_1_133' title='bbox 1590 1190 1664 1228; x_wconf 86' lang='lat' dir='ltr'>vim</span> 
     </span>
     <span class='ocr_line' id='line_1_19' title="bbox 112 1238 1664 1289; baseline 0 -12"><span class='ocrx_word' id='word_1_134' title='bbox 112 1239 304 1289; x_wconf 85' lang='lat' dir='ltr'>quandam</span> <span class='ocrx_word' id='word_1_135' title='bbox 337 1238 500 1276; x_wconf 85' lang='lat' dir='ltr'>solarem</span> <span class='ocrx_word' id='word_1_136' title='bbox 532 1241 599 1276; x_wconf 84' lang='lat' dir='ltr'>aut</span> <span class='ocrx_word' id='word_1_137' title='bbox 631 1239 833 1276; x_wconf 83' lang='lat' dir='ltr'>fecundam</span> <span class='ocrx_word' id='word_1_138' title='bbox 864 1243 1002 1276; x_wconf 86' lang='lat' dir='ltr'>natura</span> <span class='ocrx_word' id='word_1_139' title='bbox 1037 1252 1106 1277; x_wconf 88' lang='lat' dir='ltr'>sua</span> <span class='ocrx_word' id='word_1_140' title='bbox 1141 1239 1373 1287; x_wconf 87' lang='lat' dir='ltr'>exprimant,</span> <span class='ocrx_word' id='word_1_141' title='bbox 1407 1252 1492 1277; x_wconf 85' lang='lat' dir='ltr'>cum</span> <span class='ocrx_word' id='word_1_142' title='bbox 1526 1239 1664 1288; x_wconf 88' lang='lat' dir='ltr'>quibus</span> 
     </span>
     <span class='ocr_line' id='line_1_20' title="bbox 111 1289 1284 1337; baseline -0.002 -10"><span class='ocrx_word' id='word_1_143' title='bbox 111 1290 254 1328; x_wconf 88' lang='lat' dir='ltr'>Panem</span> <span class='ocrx_word' id='word_1_144' title='bbox 279 1299 391 1336; x_wconf 85' lang='lat' dir='ltr'>saepe</span> <span class='ocrx_word' id='word_1_145' title='bbox 417 1289 659 1337; x_wconf 84' lang='lat' dir='ltr'>conjunctum</span> <span class='ocrx_word' id='word_1_146' title='bbox 683 1290 750 1325; x_wconf 91' lang='lat' dir='ltr'>aut</span> <span class='ocrx_word' id='word_1_147' title='bbox 776 1291 1046 1326; x_wconf 87' lang='lat' dir='ltr'>commutatum</span> <span class='ocrx_word' id='word_1_148' title='bbox 1066 1289 1284 1326; x_wconf 86' lang='lat' dir='ltr'>invenimus.</span> 
     </span>
    </p>

    <p class='ocr_par' dir='ltr' id='par_1_9' title="bbox 114 1337 1666 1525">
     <span class='ocr_line' id='line_1_21' title="bbox 214 1337 1666 1387; baseline 0.001 -12"><span class='ocrx_word' id='word_1_149' title='bbox 214 1339 250 1387; x_wconf 90' lang='lat'>1)</span> <span class='ocrx_word' id='word_1_150' title='bbox 278 1338 446 1384; x_wconf 82' lang='lat' dir='ltr'>Primus,</span> <span class='ocrx_word' id='word_1_151' title='bbox 474 1337 539 1386; x_wconf 90' lang='lat' dir='ltr'>qui</span> <span class='ocrx_word' id='word_1_152' title='bbox 563 1337 673 1375; x_wconf 90' lang='lat' dir='ltr'>nobis</span> <span class='ocrx_word' id='word_1_153' title='bbox 697 1338 881 1384; x_wconf 88' lang='lat' dir='ltr'>occurrit,</span> <span class='ocrx_word' id='word_1_154' title='bbox 907 1338 1059 1386; x_wconf 71' lang='lat' dir='ltr'>Jupiter</span> <span class='ocrx_word' id='word_1_155' title='bbox 1084 1338 1165 1386; x_wconf 89' lang='lat' dir='ltr'>ipse</span> <span class='ocrx_word' id='word_1_156' title='bbox 1191 1340 1257 1376; x_wconf 89' lang='lat' dir='ltr'>est.</span> <span class='ocrx_word' id='word_1_157' title='bbox 1310 1338 1513 1376; x_wconf 86' lang='lat' dir='ltr'>Praetereo</span> <span class='ocrx_word' id='word_1_158' title='bbox 1538 1340 1666 1376; x_wconf 90' lang='lat' dir='ltr'>autem</span> 
     </span>
     <span class='ocr_line' id='line_1_22' title="bbox 114 1386 1666 1436; baseline 0 -11"><span class='ocrx_word' id='word_1_159' title='bbox 114 1388 188 1425; x_wconf 88' lang='lat' dir='ltr'>hoc</span> <span class='ocrx_word' id='word_1_160' title='bbox 212 1387 296 1425; x_wconf 89' lang='lat' dir='ltr'>loco</span> <span class='ocrx_word' id='word_1_161' title='bbox 322 1386 455 1424; x_wconf 84' lang='lat' dir='ltr'>Jovem</span> <span class='ocrx_word' id='word_1_162' title='bbox 479 1391 533 1425; x_wconf 89' lang='lat' dir='ltr'>Ae</span> <span class='ocrx_word' id='word_1_163' title='bbox 560 1387 770 1436; x_wconf 86' lang='lat' dir='ltr'>yptiorum,</span> <span class='ocrx_word' id='word_1_164' title='bbox 807 1387 873 1436; x_wconf 92' lang='lat' dir='ltr'>qui</span> <span class='ocrx_word' id='word_1_165' title='bbox 905 1390 1042 1425; x_wconf 79' lang='lat' dir='ltr'>natura</span> <span class='ocrx_word' id='word_1_166' title='bbox 1067 1399 1135 1425; x_wconf 85' lang='lat' dir='ltr'>sua</span> <span class='ocrx_word' id='word_1_167' title='bbox 1160 1387 1310 1431; x_wconf 87' lang='lat' dir='ltr'>omnino</span> <span class='ocrx_word' id='word_1_168' title='bbox 1337 1399 1422 1425; x_wconf 88' lang='lat' dir='ltr'>cum</span> <span class='ocrx_word' id='word_1_169' title='bbox 1447 1388 1551 1425; x_wconf 86' lang='lat' dir='ltr'>Pane</span> <span class='ocrx_word' id='word_1_170' title='bbox 1577 1399 1666 1425; x_wconf 90' lang='lat' dir='ltr'>con—</span> 
     </span>
     <span class='ocr_line' id='line_1_23' title="bbox 115 1435 1666 1486; baseline 0.001 -12"><span class='ocrx_word' id='word_1_171' title='bbox 115 1437 227 1484; x_wconf 91' lang='lat' dir='ltr'>venit,</span> <span class='ocrx_word' id='word_1_172' title='bbox 254 1448 390 1486; x_wconf 88' lang='lat' dir='ltr'>meque</span> <span class='ocrx_word' id='word_1_173' title='bbox 417 1435 467 1474; x_wconf 83' lang='lat' dir='ltr'>ad</span> <span class='ocrx_word' id='word_1_174' title='bbox 492 1449 512 1474; x_wconf 92' lang='lat' dir='ltr'>c</span> <span class='ocrx_word' id='word_1_175' title='bbox 554 1441 635 1473; x_wconf 89' lang='lat' dir='ltr'>tum</span> <span class='ocrx_word' id='word_1_176' title='bbox 660 1437 891 1475; x_wconf 85' lang='lat' dir='ltr'>Graecorum</span> <span class='ocrx_word' id='word_1_177' title='bbox 917 1439 1093 1475; x_wconf 88' lang='lat' dir='ltr'>converto</span> <span class='ocrx_word' id='word_1_178' title='bbox 1107 1467 1116 1484; x_wconf 88' lang='lat'>‚</span> <span class='ocrx_word' id='word_1_179' title='bbox 1143 1449 1190 1475; x_wconf 85' lang='lat' dir='ltr'>ex</span> <span class='ocrx_word' id='word_1_180' title='bbox 1216 1449 1376 1486; x_wconf 90' lang='lat' dir='ltr'>quorum</span> <span class='ocrx_word' id='word_1_181' title='bbox 1400 1437 1540 1477; x_wconf 82' lang='lat' dir='ltr'>fabulis</span> <span class='ocrx_word' id='word_1_182' title='bbox 1565 1437 1666 1476; x_wconf 84' lang='lat' dir='ltr'>simi-</span> 
     </span>
     <span class='ocr_line' id='line_1_24' title="bbox 115 1486 709 1525; baseline -0.002 0"><span class='ocrx_word' id='word_1_183' title='bbox 115 1487 314 1525; x_wconf 89' lang='lat' dir='ltr'>litudinem</span> <span class='ocrx_word' id='word_1_184' title='bbox 340 1486 511 1524; x_wconf 88' lang='lat' dir='ltr'>derivare</span> <span class='ocrx_word' id='word_1_185' title='bbox 537 1486 709 1524; x_wconf 79' lang='lat' dir='ltr'>studebo.</span> 
     </span>
    </p>

    <p class='ocr_par' dir='ltr' id='par_1_10' title="bbox 116 1535 1666 1785">
     <span class='ocr_line' id='line_1_25' title="bbox 214 1535 1666 1586; baseline 0 -12"><span class='ocrx_word' id='word_1_186' title='bbox 214 1536 312 1574; x_wconf 88' lang='lat' dir='ltr'>Nam</span> <span class='ocrx_word' id='word_1_187' title='bbox 336 1547 384 1573; x_wconf 91' lang='lat' dir='ltr'>ne</span> <span class='ocrx_word' id='word_1_188' title='bbox 408 1535 512 1573; x_wconf 84' lang='lat' dir='ltr'>Jovis</span> <span class='ocrx_word' id='word_1_189' title='bbox 535 1535 575 1573; x_wconf 92' lang='lat' dir='ltr'>in</span> <span class='ocrx_word' id='word_1_190' title='bbox 598 1536 756 1573; x_wconf 90' lang='lat' dir='ltr'>Boeotia</span> <span class='ocrx_word' id='word_1_191' title='bbox 781 1535 884 1583; x_wconf 86' lang='lat' dir='ltr'>culti,</span> <span class='ocrx_word' id='word_1_192' title='bbox 912 1535 977 1585; x_wconf 91' lang='lat' dir='ltr'>qui</span> <span class='ocrx_word' id='word_1_193' title='bbox 1001 1538 1155 1586; x_wconf 80' lang='grc' dir='ltr'><em>κεραιός</em></span> <span class='ocrx_word' id='word_1_194' title='bbox 1180 1536 1204 1574; x_wconf 93' lang='lat' dir='ltr'>i.</span> <span class='ocrx_word' id='word_1_195' title='bbox 1233 1548 1264 1574; x_wconf 92' lang='lat' dir='ltr'>e.</span> <span class='ocrx_word' id='word_1_196' title='bbox 1292 1538 1471 1574; x_wconf 87' lang='lat' dir='ltr'>cornutus</span> <span class='ocrx_word' id='word_1_197' title='bbox 1497 1537 1666 1575; x_wconf 84' lang='lat' dir='ltr'>nomina-</span> 
     </span>
     <span class='ocr_line' id='line_1_26' title="bbox 116 1585 1666 1636; baseline 0 -12"><span class='ocrx_word' id='word_1_198' title='bbox 116 1587 242 1633; x_wconf 87' lang='lat' dir='ltr'>batur,</span> <span class='ocrx_word' id='word_1_199' title='bbox 267 1586 341 1623; x_wconf 91' lang='lat' dir='ltr'>hoc</span> <span class='ocrx_word' id='word_1_200' title='bbox 365 1586 449 1623; x_wconf 90' lang='lat' dir='ltr'>loco</span> <span class='ocrx_word' id='word_1_201' title='bbox 475 1585 702 1623; x_wconf 85' lang='lat' dir='ltr'>mentionem</span> <span class='ocrx_word' id='word_1_202' title='bbox 726 1585 875 1634; x_wconf 79' lang='lat' dir='ltr'>faciam,</span> <span class='ocrx_word' id='word_1_203' title='bbox 899 1586 1108 1624; x_wconf 87' lang='lat' dir='ltr'>invenimus</span> <span class='ocrx_word' id='word_1_204' title='bbox 1132 1586 1274 1624; x_wconf 87' lang='lat' dir='ltr'>Panem</span> <span class='ocrx_word' id='word_1_205' title='bbox 1302 1598 1387 1624; x_wconf 88' lang='lat' dir='ltr'>cum</span> <span class='ocrx_word' id='word_1_206' title='bbox 1411 1586 1505 1625; x_wconf 87' lang='lat' dir='ltr'>Jove</span> <span class='ocrx_word' id='word_1_207' title='bbox 1518 1587 1666 1636; x_wconf 82' lang='lat' dir='ltr'>Lycaeo</span> 
     </span>
     <span class='ocr_line' id='line_1_27' title="bbox 116 1634 1666 1685; baseline 0 -12"><span class='ocrx_word' id='word_1_208' title='bbox 116 1635 376 1685; x_wconf 80' lang='lat' dir='ltr'>conjunctum3</span> <span class='ocrx_word' id='word_1_209' title='bbox 395 1636 426 1683; x_wconf 76' lang='lat'>⁴⁸)</span> <span class='ocrx_word' id='word_1_210' title='bbox 453 1634 556 1683; x_wconf 90' lang='lat' dir='ltr'>quod</span> <span class='ocrx_word' id='word_1_211' title='bbox 583 1646 789 1682; x_wconf 87' lang='lat' dir='ltr'>cognomen</span> <span class='ocrx_word' id='word_1_212' title='bbox 814 1635 853 1672; x_wconf 89' lang='lat' dir='ltr'>in</span> <span class='ocrx_word' id='word_1_213' title='bbox 878 1638 1052 1683; x_wconf 88' lang='lat' dir='ltr'>utroque,</span> <span class='ocrx_word' id='word_1_214' title='bbox 1077 1637 1121 1672; x_wconf 92' lang='lat' dir='ltr'>ut</span> <span class='ocrx_word' id='word_1_215' title='bbox 1144 1647 1260 1684; x_wconf 84' lang='lat' dir='ltr'>supra</span> <span class='ocrx_word' id='word_1_216' title='bbox 1285 1636 1583 1683; x_wconf 87' lang='lat' dir='ltr'>commemoravi,</span> <span class='ocrx_word' id='word_1_217' title='bbox 1607 1635 1666 1674; x_wconf 92' lang='lat' dir='ltr'>lu-</span> 
     </span>
     <span class='ocr_line' id='line_1_28' title="bbox 116 1683 1666 1733; baseline 0.001 -11"><span class='ocrx_word' id='word_1_218' title='bbox 116 1685 171 1722; x_wconf 85' lang='lat' dir='ltr'>cis</span> <span class='ocrx_word' id='word_1_219' title='bbox 194 1688 372 1722; x_wconf 66' lang='lat' dir='ltr'>naturam</span> <span class='ocrx_word' id='word_1_220' title='bbox 397 1684 595 1733; x_wconf 84' lang='lat' dir='ltr'>significat.</span> <span class='ocrx_word' id='word_1_221' title='bbox 653 1683 697 1720; x_wconf 92' lang='lat' dir='ltr'>In</span> <span class='ocrx_word' id='word_1_222' title='bbox 724 1684 956 1733; x_wconf 89' lang='lat' dir='ltr'>mythologia</span> <span class='ocrx_word' id='word_1_223' title='bbox 986 1687 1113 1721; x_wconf 84' lang='lat' dir='ltr'>autem</span> <span class='ocrx_word' id='word_1_224' title='bbox 1149 1684 1318 1723; x_wconf 91' lang='lat' dir='ltr'>Cretensi</span> <span class='ocrx_word' id='word_1_225' title='bbox 1347 1688 1427 1722; x_wconf 90' lang='lat' dir='ltr'>tam</span> <span class='ocrx_word' id='word_1_226' title='bbox 1451 1688 1556 1723; x_wconf 86' lang='lat' dir='ltr'>arcte</span> <span class='ocrx_word' id='word_1_227' title='bbox 1581 1697 1666 1723; x_wconf 92' lang='lat' dir='ltr'>cum</span> 
     </span>
     <span class='ocr_line' id='line_1_29' title="bbox 116 1733 1462 1785; baseline -0.001 -11"><span class='ocrx_word' id='word_1_228' title='bbox 116 1735 212 1774; x_wconf 79' lang='lat' dir='ltr'>Jove</span> <span class='ocrx_word' id='word_1_229' title='bbox 237 1734 489 1783; x_wconf 85' lang='lat' dir='ltr'>conjungitur,</span> <span class='ocrx_word' id='word_1_230' title='bbox 515 1736 558 1770; x_wconf 89' lang='lat' dir='ltr'>ut</span> <span class='ocrx_word' id='word_1_231' title='bbox 583 1733 698 1771; x_wconf 87' lang='lat' dir='ltr'>etiam</span> <span class='ocrx_word' id='word_1_232' title='bbox 722 1734 822 1772; x_wconf 87' lang='lat' dir='ltr'>filius</span> <span class='ocrx_word' id='word_1_233' title='bbox 847 1739 914 1772; x_wconf 88' lang='lat' dir='ltr'>aut</span> <span class='ocrx_word' id='word_1_234' title='bbox 938 1734 1057 1772; x_wconf 83' lang='lat' dir='ltr'>frater</span> <span class='ocrx_word' id='word_1_235' title='bbox 1082 1734 1163 1784; x_wconf 88' lang='lat' dir='ltr'>ejus</span> <span class='ocrx_word' id='word_1_236' title='bbox 1187 1735 1411 1773; x_wconf 88' lang='lat' dir='ltr'>nominetur.</span> <span class='ocrx_word' id='word_1_237' title='bbox 1434 1735 1462 1785; x_wconf 80' lang='lat'>⁵)</span> 
     </span>
    </p>

    <p class='ocr_par' dir='ltr' id='par_1_11' title="bbox 116 1783 1673 1933">
     <span class='ocr_line' id='line_1_30' title="bbox 218 1783 1673 1832; baseline 0 -11"><span class='ocrx_word' id='word_1_238' title='bbox 218 1783 343 1828; x_wconf 86' lang='lat' dir='ltr'>Quare</span> <span class='ocrx_word' id='word_1_239' title='bbox 378 1784 410 1821; x_wconf 90' lang='lat' dir='ltr'>si</span> <span class='ocrx_word' id='word_1_240' title='bbox 442 1783 697 1821; x_wconf 85' lang='lat' dir='ltr'>Callimachus</span> <span class='ocrx_word' id='word_1_241' title='bbox 721 1783 822 1832; x_wconf 88' lang='lat' dir='ltr'>hym.</span> <span class='ocrx_word' id='word_1_242' title='bbox 851 1787 883 1822; x_wconf 89' lang='lat'>1.</span> <span class='ocrx_word' id='word_1_243' title='bbox 912 1788 945 1822; x_wconf 88' lang='lat'>7.</span> <span class='ocrx_word' id='word_1_244' title='bbox 997 1784 1130 1821; x_wconf 83' lang='lat' dir='ltr'>Jovem</span> <span class='ocrx_word' id='word_1_245' title='bbox 1160 1784 1199 1821; x_wconf 92' lang='lat' dir='ltr'>in</span> <span class='ocrx_word' id='word_1_246' title='bbox 1235 1784 1401 1822; x_wconf 81' lang='lat' dir='ltr'>Arcadia</span> <span class='ocrx_word' id='word_1_247' title='bbox 1433 1788 1565 1822; x_wconf 86' lang='lat' dir='ltr'>natum</span> <span class='ocrx_word' id='word_1_248' title='bbox 1591 1797 1673 1823; x_wconf 89' lang='lat' dir='ltr'>esse</span> 
     </span>
     <span class='ocr_line' id='line_1_31' title="bbox 117 1832 1672 1885; baseline 0.001 -13"><span class='ocrx_word' id='word_1_249' title='bbox 117 1833 275 1880; x_wconf 84' lang='lat' dir='ltr'>cecinit,</span> <span class='ocrx_word' id='word_1_250' title='bbox 313 1845 398 1871; x_wconf 91' lang='lat' dir='ltr'>cum</span> <span class='ocrx_word' id='word_1_251' title='bbox 424 1832 612 1871; x_wconf 78' lang='lat' dir='ltr'>Cicerone&#39;</span> <span class='ocrx_word' id='word_1_252' title='bbox 631 1832 678 1871; x_wconf 89' lang='lat' dir='ltr'>de</span> <span class='ocrx_word' id='word_1_253' title='bbox 703 1835 780 1871; x_wconf 88' lang='lat' dir='ltr'>nat.</span> <span class='ocrx_word' id='word_1_254' title='bbox 807 1833 921 1872; x_wconf 92' lang='lat' dir='ltr'>Deor.</span> <span class='ocrx_word' id='word_1_255' title='bbox 947 1833 1014 1872; x_wconf 93' lang='grc' dir='ltr'><strong>ΙΠ.</strong></span> <span class='ocrx_word' id='word_1_256' title='bbox 1042 1836 1100 1872; x_wconf 88' lang='lat'>21.</span> <span class='ocrx_word' id='word_1_257' title='bbox 1131 1834 1325 1882; x_wconf 90' lang='lat' dir='ltr'>convenit,</span> <span class='ocrx_word' id='word_1_258' title='bbox 1362 1834 1428 1884; x_wconf 89' lang='lat' dir='ltr'>qui</span> <span class='ocrx_word' id='word_1_259' title='bbox 1453 1847 1569 1885; x_wconf 89' lang='lat' dir='ltr'>quum</span> <span class='ocrx_word' id='word_1_260' title='bbox 1593 1837 1672 1873; x_wconf 86' lang='lat' dir='ltr'>tres</span> 
     </span>
     <span class='ocr_line' id='line_1_32' title="bbox 116 1883 1321 1933; baseline -0.001 -10"><span class='ocrx_word' id='word_1_261' title='bbox 116 1884 230 1923; x_wconf 84' lang='lat' dir='ltr'>Joves</span> <span class='ocrx_word' id='word_1_262' title='bbox 256 1883 473 1933; x_wconf 84' lang='lat' dir='ltr'>distinguat,</span> <span class='ocrx_word' id='word_1_263' title='bbox 501 1883 595 1921; x_wconf 91' lang='lat' dir='ltr'>duos</span> <span class='ocrx_word' id='word_1_264' title='bbox 618 1883 656 1920; x_wconf 90' lang='lat' dir='ltr'>in</span> <span class='ocrx_word' id='word_1_265' title='bbox 683 1883 849 1921; x_wconf 87' lang='lat' dir='ltr'>Arcadia</span> <span class='ocrx_word' id='word_1_266' title='bbox 873 1886 983 1922; x_wconf 89' lang='lat' dir='ltr'>natos</span> <span class='ocrx_word' id='word_1_267' title='bbox 1008 1896 1089 1922; x_wconf 87' lang='lat' dir='ltr'>esse</span> <span class='ocrx_word' id='word_1_268' title='bbox 1115 1884 1321 1924; x_wconf 85' lang='lat' dir='ltr'>contendit.</span> 
     </span>
    </p>

    <p class='ocr_par' dir='ltr' id='par_1_12' title="bbox 115 1933 1673 2133">
     <span class='ocr_line' id='line_1_33' title="bbox 215 1933 1671 1982; baseline 0.002 -13"><span class='ocrx_word' id='word_1_269' title='bbox 215 1933 463 1970; x_wconf 87' lang='lat' dir='ltr'>Praedicatur</span> <span class='ocrx_word' id='word_1_270' title='bbox 488 1935 614 1970; x_wconf 87' lang='lat' dir='ltr'>autem</span> <span class='ocrx_word' id='word_1_271' title='bbox 641 1933 688 1970; x_wconf 91' lang='lat' dir='ltr'>de</span> <span class='ocrx_word' id='word_1_272' title='bbox 713 1933 818 1980; x_wconf 82' lang='lat' dir='ltr'>Jove,</span> <span class='ocrx_word' id='word_1_273' title='bbox 842 1933 899 1970; x_wconf 91' lang='lat' dir='ltr'>ita</span> <span class='ocrx_word' id='word_1_274' title='bbox 923 1945 1008 1970; x_wconf 91' lang='lat' dir='ltr'>eum</span> <span class='ocrx_word' id='word_1_275' title='bbox 1032 1934 1264 1971; x_wconf 88' lang='lat' dir='ltr'>nominatum</span> <span class='ocrx_word' id='word_1_276' title='bbox 1278 1945 1369 1980; x_wconf 90' lang='lat' dir='ltr'>esse,</span> <span class='ocrx_word' id='word_1_277' title='bbox 1397 1934 1576 1982; x_wconf 89' lang='lat' dir='ltr'>quoniam</span> <span class='ocrx_word' id='word_1_278' title='bbox 1593 1946 1671 1972; x_wconf 90' lang='lat' dir='ltr'>om-</span> 
     </span>
     <span class='ocr_line' id='line_1_34' title="bbox 116 1982 1672 2034; baseline 0.001 -14"><span class='ocrx_word' id='word_1_279' title='bbox 116 1982 228 2020; x_wconf 89' lang='lat' dir='ltr'>nibus</span> <span class='ocrx_word' id='word_1_280' title='bbox 251 1982 367 2021; x_wconf 87' lang='lat' dir='ltr'>rebus</span> <span class='ocrx_word' id='word_1_281' title='bbox 390 1982 508 2020; x_wconf 88' lang='lat' dir='ltr'>vitam</span> <span class='ocrx_word' id='word_1_282' title='bbox 533 1982 594 2030; x_wconf 83' lang='grc' dir='ltr'>(τό</span> <span class='ocrx_word' id='word_1_283' title='bbox 621 1983 707 2034; x_wconf 79' lang='grc' dir='ltr'>ζῆν)</span> <span class='ocrx_word' id='word_1_284' title='bbox 734 1982 897 2030; x_wconf 82' lang='lat' dir='ltr'>tribuat,</span> <span class='ocrx_word' id='word_1_285' title='bbox 918 1983 948 2032; x_wconf 81' lang='lat'>0)</span> <span class='ocrx_word' id='word_1_286' title='bbox 974 1983 1176 2032; x_wconf 87' lang='lat' dir='ltr'>magnique</span> <span class='ocrx_word' id='word_1_287' title='bbox 1201 1983 1381 2022; x_wconf 88' lang='lat' dir='ltr'>momenti</span> <span class='ocrx_word' id='word_1_288' title='bbox 1407 1995 1487 2021; x_wconf 86' lang='lat' dir='ltr'>esse</span> <span class='ocrx_word' id='word_1_289' title='bbox 1512 1983 1672 2030; x_wconf 90' lang='lat' dir='ltr'>videtur,</span> 
     </span>
     <span class='ocr_line' id='line_1_35' title="bbox 117 2030 1673 2083; baseline 0.001 -14"><span class='ocrx_word' id='word_1_290' title='bbox 117 2032 221 2081; x_wconf 88' lang='lat' dir='ltr'>quod</span> <span class='ocrx_word' id='word_1_291' title='bbox 246 2031 350 2082; x_wconf 87' lang='lat' dir='ltr'>apud</span> <span class='ocrx_word' id='word_1_292' title='bbox 374 2032 572 2070; x_wconf 89' lang='lat' dir='ltr'>Platonem</span> <span class='ocrx_word' id='word_1_293' title='bbox 595 2032 757 2070; x_wconf 86' lang='lat' dir='ltr'>Phaedr.</span> <span class='ocrx_word' id='word_1_294' title='bbox 785 2035 843 2070; x_wconf 88' lang='grc'>26.</span> <span class='ocrx_word' id='word_1_295' title='bbox 870 2044 907 2081; x_wconf 91' lang='lat' dir='ltr'>p.</span> <span class='ocrx_word' id='word_1_296' title='bbox 936 2036 1018 2071; x_wconf 83' lang='lat'>246.</span> <span class='ocrx_word' id='word_1_297' title='bbox 1044 2032 1162 2070; x_wconf 85' lang='lat' dir='ltr'>Bekk.</span> <span class='ocrx_word' id='word_1_298' title='bbox 1188 2032 1347 2082; x_wconf 86' lang='lat' dir='ltr'>legimus</span> <span class='ocrx_word' id='word_1_299' title='bbox 1370 2030 1398 2070; x_wconf 80' lang='grc' dir='ltr'>δ’</span> <span class='ocrx_word' id='word_1_300' title='bbox 1424 2035 1439 2083; x_wconf 88' lang='grc'>(</span> <span class='ocrx_word' id='word_1_301' title='bbox 1465 2032 1543 2071; x_wconf 88' lang='lat' dir='ltr'>uod</span> <span class='ocrx_word' id='word_1_302' title='bbox 1559 2034 1673 2071; x_wconf 84' lang='lat' dir='ltr'>vitam</span> 
     </span>
     <span class='ocr_line' id='line_1_36' title="bbox 115 2081 1670 2133; baseline 0.001 -14"><span class='ocrx_word' id='word_1_303' title='bbox 115 2081 292 2131; x_wconf 86' lang='lat' dir='ltr'>praebet)</span> <span class='ocrx_word' id='word_1_304' title='bbox 317 2082 421 2120; x_wconf 81' lang='grc' dir='ltr'><strong><em>ἐστιν</em></strong></span> <span class='ocrx_word' id='word_1_305' title='bbox 445 2081 561 2133; x_wconf 78' lang='grc' dir='ltr'><strong>ἣλιος.</strong></span> <span class='ocrx_word' id='word_1_306' title='bbox 594 2081 698 2127; x_wconf 84' lang='lat' dir='ltr'>Quae</span> <span class='ocrx_word' id='word_1_307' title='bbox 724 2082 878 2131; x_wconf 88' lang='lat' dir='ltr'>quidem</span> <span class='ocrx_word' id='word_1_308' title='bbox 905 2081 1132 2131; x_wconf 86' lang='lat' dir='ltr'>etymologia</span> <span class='ocrx_word' id='word_1_309' title='bbox 1154 2083 1226 2120; x_wconf 90' lang='lat' dir='ltr'>etsi</span> <span class='ocrx_word' id='word_1_310' title='bbox 1250 2082 1402 2120; x_wconf 86' lang='lat' dir='ltr'>minime</span> <span class='ocrx_word' id='word_1_311' title='bbox 1425 2095 1451 2132; x_wconf 92' lang='lat' dir='ltr'>p</span> <span class='ocrx_word' id='word_1_312' title='bbox 1494 2084 1574 2130; x_wconf 90' lang='lat' dir='ltr'>cet,</span> <span class='ocrx_word' id='word_1_313' title='bbox 1603 2081 1670 2120; x_wconf 87' lang='lat' dir='ltr'>sed</span> 
     </span>
    </p>
   </div>
   <div class='ocr_carea' id='block_1_6' title="bbox 158 2228 1670 2478">
    <p class='ocr_par' dir='ltr' id='par_1_13' title="bbox 159 2228 1670 2351">
     <span class='ocr_line' id='line_1_37' title="bbox 159 2228 1669 2271; baseline 0 -11"><span class='ocrx_word' id='word_1_314' title='bbox 159 2229 180 2270; x_wconf 87' lang='lat'>¹)</span> <span class='ocrx_word' id='word_1_315' title='bbox 202 2229 275 2261; x_wconf 87' lang='lat' dir='ltr'>Viri</span> <span class='ocrx_word' id='word_1_316' title='bbox 296 2228 482 2261; x_wconf 84' lang='lat' dir='ltr'>doctissimi</span> <span class='ocrx_word' id='word_1_317' title='bbox 503 2229 538 2260; x_wconf 90' lang='lat' dir='ltr'>in</span> <span class='ocrx_word' id='word_1_318' title='bbox 560 2229 622 2261; x_wconf 84' lang='lat' dir='ltr'>hac</span> <span class='ocrx_word' id='word_1_319' title='bbox 643 2228 758 2261; x_wconf 85' lang='lat' dir='ltr'>fabula</span> <span class='ocrx_word' id='word_1_320' title='bbox 779 2228 978 2270; x_wconf 80' lang='lat' dir='ltr'>explicanda</span> <span class='ocrx_word' id='word_1_321' title='bbox 998 2228 1185 2269; x_wconf 81' lang='lat' dir='ltr'>haesitant,</span> <span class='ocrx_word' id='word_1_322' title='bbox 1207 2230 1308 2270; x_wconf 84' lang='lat' dir='ltr'>atque</span> <span class='ocrx_word' id='word_1_323' title='bbox 1328 2229 1446 2262; x_wconf 83' lang='lat' dir='ltr'>Lauer.</span> <span class='ocrx_word' id='word_1_324' title='bbox 1469 2229 1554 2271; x_wconf 88' lang='lat' dir='ltr'>Syst.</span> <span class='ocrx_word' id='word_1_325' title='bbox 1577 2230 1609 2262; x_wconf 86' lang='lat' dir='ltr'>d.</span> <span class='ocrx_word' id='word_1_326' title='bbox 1632 2228 1669 2261; x_wconf 84' lang='lat' dir='ltr'>G.</span> 
     </span>
     <span class='ocr_line' id='line_1_38' title="bbox 198 2270 1670 2313; baseline 0 -11"><span class='ocrx_word' id='word_1_327' title='bbox 198 2271 243 2302; x_wconf 92' lang='lat' dir='ltr'>M.</span> <span class='ocrx_word' id='word_1_328' title='bbox 274 2281 307 2312; x_wconf 89' lang='lat' dir='ltr'>p.</span> <span class='ocrx_word' id='word_1_329' title='bbox 338 2272 408 2302; x_wconf 81' lang='lat'>240.</span> <span class='ocrx_word' id='word_1_330' title='bbox 438 2271 521 2302; x_wconf 81' lang='lat' dir='ltr'>haec</span> <span class='ocrx_word' id='word_1_331' title='bbox 553 2271 623 2302; x_wconf 81' lang='lat' dir='ltr'>fere</span> <span class='ocrx_word' id='word_1_332' title='bbox 643 2271 761 2303; x_wconf 80' lang='lat' dir='ltr'>habet:</span> <span class='ocrx_word' id='word_1_333' title='bbox 786 2271 889 2303; x_wconf 84' lang='lat' dir='ltr'>»Eine</span> <span class='ocrx_word' id='word_1_334' title='bbox 911 2270 1160 2312; x_wconf 78' lang='lat' dir='ltr'>merkwiirdige</span> <span class='ocrx_word' id='word_1_335' title='bbox 1182 2270 1286 2312; x_wconf 84' lang='lat' dir='ltr'>Sage,</span> <span class='ocrx_word' id='word_1_336' title='bbox 1309 2271 1414 2304; x_wconf 86' lang='lat' dir='ltr'>deren</span> <span class='ocrx_word' id='word_1_337' title='bbox 1434 2272 1595 2313; x_wconf 83' lang='lat' dir='ltr'>Deutung</span> <span class='ocrx_word' id='word_1_338' title='bbox 1614 2271 1670 2304; x_wconf 85' lang='lat' dir='ltr'>ich</span> 
     </span>
     <span class='ocr_line' id='line_1_39' title="bbox 202 2312 1457 2351; baseline -0.001 -8"><span class='ocrx_word' id='word_1_339' title='bbox 202 2312 298 2343; x_wconf 86' lang='lat' dir='ltr'>nicht</span> <span class='ocrx_word' id='word_1_340' title='bbox 318 2312 490 2351; x_wconf 86' lang='lat' dir='ltr'>versuche,</span> <span class='ocrx_word' id='word_1_341' title='bbox 512 2312 619 2343; x_wconf 89' lang='lat' dir='ltr'>findet</span> <span class='ocrx_word' id='word_1_342' title='bbox 639 2312 710 2344; x_wconf 82' lang='lat' dir='ltr'>sich</span> <span class='ocrx_word' id='word_1_343' title='bbox 732 2313 817 2344; x_wconf 83' lang='lat' dir='ltr'>iiber</span> <span class='ocrx_word' id='word_1_344' title='bbox 838 2313 905 2343; x_wconf 88' lang='lat' dir='ltr'>den</span> <span class='ocrx_word' id='word_1_345' title='bbox 927 2313 1001 2343; x_wconf 90' lang='lat' dir='ltr'>Tod</span> <span class='ocrx_word' id='word_1_346' title='bbox 1023 2312 1081 2344; x_wconf 78' lang='lat' dir='ltr'>des</span> <span class='ocrx_word' id='word_1_347' title='bbox 1102 2313 1172 2344; x_wconf 80' lang='lat' dir='ltr'>Pan</span> <span class='ocrx_word' id='word_1_348' title='bbox 1194 2314 1250 2344; x_wconf 89' lang='lat' dir='ltr'>bei</span> <span class='ocrx_word' id='word_1_349' title='bbox 1270 2313 1457 2345; x_wconf 66' lang='lat' dir='ltr'>Plutarch«</span> 
     </span>
    </p>

    <p class='ocr_par' dir='ltr' id='par_1_14' title="bbox 158 2353 1670 2478">
     <span class='ocr_line' id='line_1_40' title="bbox 158 2353 1670 2400; baseline 0.001 -16"><span class='ocrx_word' id='word_1_350' title='bbox 158 2354 181 2394; x_wconf 81' lang='lat'>²)</span> <span class='ocrx_word' id='word_1_351' title='bbox 204 2353 303 2394; x_wconf 84' lang='lat' dir='ltr'>Sepp.</span> <span class='ocrx_word' id='word_1_352' title='bbox 325 2353 442 2385; x_wconf 88' lang='lat' dir='ltr'>Gesch.</span> <span class='ocrx_word' id='word_1_353' title='bbox 457 2353 554 2400; x_wconf 40' lang='lat' dir='ltr'>&#39;Jesu.</span> <span class='ocrx_word' id='word_1_354' title='bbox 573 2354 599 2385; x_wconf 93' lang='grc' dir='ltr'><strong>Ι.</strong></span> <span class='ocrx_word' id='word_1_355' title='bbox 622 2363 655 2394; x_wconf 89' lang='lat' dir='ltr'>p.</span> <span class='ocrx_word' id='word_1_356' title='bbox 678 2355 748 2385; x_wconf 88' lang='lat'>165.</span> <span class='ocrx_word' id='word_1_357' title='bbox 790 2353 972 2386; x_wconf 85' lang='lat' dir='ltr'>Heidenth.</span> <span class='ocrx_word' id='word_1_358' title='bbox 1002 2353 1039 2385; x_wconf 92' lang='lat' dir='ltr'>in</span> <span class='ocrx_word' id='word_1_359' title='bbox 1069 2354 1150 2387; x_wconf 85' lang='lat' dir='ltr'>sein.</span> <span class='ocrx_word' id='word_1_360' title='bbox 1171 2354 1311 2386; x_wconf 87' lang='lat' dir='ltr'>Bedeut.</span> <span class='ocrx_word' id='word_1_361' title='bbox 1333 2354 1389 2387; x_wconf 92' lang='lat'>111.</span> <span class='ocrx_word' id='word_1_362' title='bbox 1410 2365 1444 2395; x_wconf 87' lang='lat' dir='ltr'>p.</span> <span class='ocrx_word' id='word_1_363' title='bbox 1466 2355 1537 2387; x_wconf 88' lang='grc'><strong>268.</strong></span> <span class='ocrx_word' id='word_1_364' title='bbox 1580 2354 1670 2394; x_wconf 78' lang='lat' dir='ltr'>Quae</span> 
     </span>
     <span class='ocr_line' id='line_1_41' title="bbox 199 2394 1669 2438; baseline 0 -12"><span class='ocrx_word' id='word_1_365' title='bbox 199 2397 313 2426; x_wconf 84' lang='lat' dir='ltr'>tamen</span> <span class='ocrx_word' id='word_1_366' title='bbox 345 2394 529 2427; x_wconf 80' lang='lat' dir='ltr'>Lambinus</span> <span class='ocrx_word' id='word_1_367' title='bbox 551 2405 636 2427; x_wconf 89' lang='lat' dir='ltr'>com.</span> <span class='ocrx_word' id='word_1_368' title='bbox 657 2395 701 2428; x_wconf 91' lang='lat' dir='ltr'>in.</span> <span class='ocrx_word' id='word_1_369' title='bbox 723 2396 804 2428; x_wconf 92' lang='lat' dir='ltr'>Hor.</span> <span class='ocrx_word' id='word_1_370' title='bbox 827 2406 930 2428; x_wconf 77' lang='lat' dir='ltr'>carm.</span> <span class='ocrx_word' id='word_1_371' title='bbox 951 2396 1005 2428; x_wconf 89' lang='lat' dir='ltr'>IV.</span> <span class='ocrx_word' id='word_1_372' title='bbox 1031 2398 1078 2428; x_wconf 91' lang='grc'>12.</span> <span class='ocrx_word' id='word_1_373' title='bbox 1109 2399 1156 2428; x_wconf 86' lang='grc'><strong>11.</strong></span> <span class='ocrx_word' id='word_1_374' title='bbox 1192 2395 1387 2438; x_wconf 87' lang='lat' dir='ltr'>(Confluent.</span> <span class='ocrx_word' id='word_1_375' title='bbox 1411 2397 1500 2429; x_wconf 87' lang='grc'><strong>1829.</strong></span> <span class='ocrx_word' id='word_1_376' title='bbox 1521 2397 1618 2429; x_wconf 84' lang='grc' dir='ltr'><strong>Το111.</strong></span> <span class='ocrx_word' id='word_1_377' title='bbox 1642 2398 1669 2427; x_wconf 92' lang='grc'><strong>1.</strong></span> 
     </span>
     <span class='ocr_line' id='line_1_42' title="bbox 199 2436 1669 2478; baseline 0.001 -11"><span class='ocrx_word' id='word_1_378' title='bbox 199 2447 232 2477; x_wconf 91' lang='lat' dir='ltr'>p.</span> <span class='ocrx_word' id='word_1_379' title='bbox 262 2438 344 2477; x_wconf 86' lang='lat'>424.)</span> <span class='ocrx_word' id='word_1_380' title='bbox 379 2437 423 2468; x_wconf 82' lang='lat' dir='ltr'>ad</span> <span class='ocrx_word' id='word_1_381' title='bbox 449 2436 652 2468; x_wconf 86' lang='lat' dir='ltr'>fulciendam</span> <span class='ocrx_word' id='word_1_382' title='bbox 684 2436 772 2469; x_wconf 84' lang='lat' dir='ltr'>hanc</span> <span class='ocrx_word' id='word_1_383' title='bbox 800 2437 1004 2469; x_wconf 79' lang='lat' dir='ltr'>sententiam</span> <span class='ocrx_word' id='word_1_384' title='bbox 1036 2448 1076 2469; x_wconf 87' lang='lat' dir='ltr'>ex</span> <span class='ocrx_word' id='word_1_385' title='bbox 1097 2438 1206 2470; x_wconf 77' lang='lat' dir='ltr'>Panos</span> <span class='ocrx_word' id='word_1_386' title='bbox 1235 2438 1454 2478; x_wconf 74' lang='lat' dir='ltr'>qualitatibus</span> <span class='ocrx_word' id='word_1_387' title='bbox 1482 2440 1669 2478; x_wconf 76' lang='lat' dir='ltr'>naturaque</span> 
     </span>
    </p>
   </div>
   <div class='ocr_carea' id='block_1_7' title="bbox 198 2478 1668 2561">
    <p class='ocr_par' dir='ltr' id='par_1_15' title="bbox 198 2478 1668 2561">
     <span class='ocr_line' id='line_1_43' title="bbox 198 2478 1668 2520; baseline 0.001 -12"><span class='ocrx_word' id='word_1_388' title='bbox 198 2478 347 2519; x_wconf 88' lang='lat' dir='ltr'>profert,</span> <span class='ocrx_word' id='word_1_389' title='bbox 379 2478 490 2509; x_wconf 82' lang='lat' dir='ltr'>minus</span> <span class='ocrx_word' id='word_1_390' title='bbox 510 2479 689 2519; x_wconf 80' lang='lat' dir='ltr'>perspecta</span> <span class='ocrx_word' id='word_1_391' title='bbox 716 2478 846 2520; x_wconf 87' lang='lat' dir='ltr'>habeo,</span> <span class='ocrx_word' id='word_1_392' title='bbox 876 2481 978 2519; x_wconf 80' lang='lat' dir='ltr'>atque</span> <span class='ocrx_word' id='word_1_393' title='bbox 1007 2481 1149 2520; x_wconf 89' lang='lat' dir='ltr'>propter</span> <span class='ocrx_word' id='word_1_394' title='bbox 1175 2480 1351 2520; x_wconf 79' lang='lat' dir='ltr'>indignam</span> <span class='ocrx_word' id='word_1_395' title='bbox 1380 2479 1668 2520; x_wconf 78' lang='lat' dir='ltr'>comparationem</span> 
     </span>
     <span class='ocr_line' id='line_1_44' title="bbox 199 2519 726 2561; baseline 0 -10"><span class='ocrx_word' id='word_1_396' title='bbox 199 2519 339 2551; x_wconf 86' lang='lat' dir='ltr'>omnino</span> <span class='ocrx_word' id='word_1_397' title='bbox 360 2519 512 2560; x_wconf 88' lang='lat' dir='ltr'>improbo</span> <span class='ocrx_word' id='word_1_398' title='bbox 533 2521 726 2561; x_wconf 85' lang='lat' dir='ltr'>rejicioque.</span> 
     </span>
    </p>
   </div>
   <div class='ocr_carea' id='block_1_8' title="bbox 158 2561 1670 2729">
    <p class='ocr_par' dir='ltr' id='par_1_16' title="bbox 158 2561 1670 2729">
     <span class='ocr_line' id='line_1_45' title="bbox 159 2561 1670 2609; baseline 0 -15"><span class='ocrx_word' id='word_1_399' title='bbox 159 2563 182 2601; x_wconf 80' lang='lat'>³)</span> <span class='ocrx_word' id='word_1_400' title='bbox 204 2561 391 2609; x_wconf 41' lang='lat' dir='ltr'>van-Dale:</span> <span class='ocrx_word' id='word_1_401' title='bbox 414 2561 457 2608; x_wconf 72' lang='lat' dir='ltr'>de</span> <span class='ocrx_word' id='word_1_402' title='bbox 479 2562 621 2594; x_wconf 78' lang='lat' dir='ltr'>oraculis</span> <span class='ocrx_word' id='word_1_403' title='bbox 641 2564 751 2609; x_wconf 47' lang='lat' dir='ltr'>veter..</span> <span class='ocrx_word' id='word_1_404' title='bbox 770 2562 862 2594; x_wconf 90' lang='lat' dir='ltr'>ethn.</span> <span class='ocrx_word' id='word_1_405' title='bbox 882 2562 1022 2595; x_wconf 85' lang='lat' dir='ltr'>Amstel.</span> <span class='ocrx_word' id='word_1_406' title='bbox 1046 2564 1136 2594; x_wconf 92' lang='grc'><strong>1701.</strong></span> <span class='ocrx_word' id='word_1_407' title='bbox 1159 2572 1192 2604; x_wconf 87' lang='lat' dir='ltr'>p.</span> <span class='ocrx_word' id='word_1_408' title='bbox 1213 2564 1389 2595; x_wconf 83' lang='lat'>432—443.</span> <span class='ocrx_word' id='word_1_409' title='bbox 1410 2563 1595 2597; x_wconf 73' lang='lat' dir='ltr'>sententias</span> <span class='ocrx_word' id='word_1_410' title='bbox 1604 2562 1670 2595; x_wconf 87' lang='lat' dir='ltr'>Eu·</span> 
     </span>
     <span class='ocr_line' id='line_1_46' title="bbox 158 2603 1135 2686; baseline 0.003 -11"><span class='ocrx_word' id='word_1_411' title='bbox 158 2645 183 2684; x_wconf 61' lang='lat'>⁴,</span> <span class='ocrx_word' id='word_1_412' title='bbox 199 2603 299 2676; x_wconf 65' lang='grc' dir='ltr'><strong>ἳὲἒὲέ.</strong></span> <span class='ocrx_word' id='word_1_413' title='bbox 313 2603 521 2677; x_wconf 50' lang='grc' dir='ltr'>ῗνῖἲῗῗὲῧὲ</span> <span class='ocrx_word' id='word_1_414' title='bbox 533 2603 1008 2686; x_wconf 41' lang='grc' dir='ltr'>ξ’ἒὲὲῗῒὲἶζῗιῖᾆῖῗᾞὲω.</span> <span class='ocrx_word' id='word_1_415' title='bbox 1031 2656 1063 2682; x_wconf 74' lang='lat' dir='ltr'>v.</span> <span class='ocrx_word' id='word_1_416' title='bbox 1084 2648 1135 2678; x_wconf 83' lang='lat'>56.</span> 
     </span>
     <span class='ocr_line' id='line_1_47' title="bbox 160 2686 1666 2729; baseline -0.001 -12"><span class='ocrx_word' id='word_1_417' title='bbox 160 2687 183 2727; x_wconf 79' lang='lat'>¹⁵)</span> <span class='ocrx_word' id='word_1_418' title='bbox 206 2686 316 2717; x_wconf 86' lang='lat' dir='ltr'>Schol.</span> <span class='ocrx_word' id='word_1_419' title='bbox 338 2686 480 2719; x_wconf 87' lang='lat' dir='ltr'>Theocr.</span> <span class='ocrx_word' id='word_1_420' title='bbox 505 2688 532 2717; x_wconf 93' lang='lat'>1.</span> <span class='ocrx_word' id='word_1_421' title='bbox 555 2688 584 2720; x_wconf 86' lang='lat'>3.</span> <span class='ocrx_word' id='word_1_422' title='bbox 627 2687 781 2727; x_wconf 89' lang='lat' dir='ltr'>Epimen.</span> <span class='ocrx_word' id='word_1_423' title='bbox 803 2696 854 2728; x_wconf 79' lang='lat' dir='ltr'>ap.</span> <span class='ocrx_word' id='word_1_424' title='bbox 876 2687 1049 2720; x_wconf 77' lang='lat' dir='ltr'>Eratosth.</span> <span class='ocrx_word' id='word_1_425' title='bbox 1073 2687 1197 2720; x_wconf 67' lang='lat' dir='ltr'>catast.</span> <span class='ocrx_word' id='word_1_426' title='bbox 1219 2697 1291 2729; x_wconf 85' lang='lat' dir='ltr'>cap.</span> <span class='ocrx_word' id='word_1_427' title='bbox 1313 2689 1364 2720; x_wconf 88' lang='lat'>26.</span> <span class='ocrx_word' id='word_1_428' title='bbox 1409 2687 1566 2728; x_wconf 87' lang='lat' dir='ltr'>Apollod.</span> <span class='ocrx_word' id='word_1_429' title='bbox 1591 2689 1618 2719; x_wconf 92' lang='grc'><strong>1.</strong></span> <span class='ocrx_word' id='word_1_430' title='bbox 1639 2687 1666 2717; x_wconf 90' lang='grc'>6.</span> 
     </span>
    </p>
   </div>
   <div class='ocr_carea' id='block_1_9' title="bbox 200 2726 1667 2810">
    <p class='ocr_par' dir='ltr' id='par_1_17' title="bbox 200 2726 1667 2810">
     <span class='ocr_line' id='line_1_48' title="bbox 200 2726 1667 2801; baseline -0.001 -42"><span class='ocrx_word' id='word_1_431' title='bbox 200 2727 285 2800; x_wconf 54' lang='grc' dir='ltr'>ἓγὲ.</span> <span class='ocrx_word' id='word_1_432' title='bbox 308 2728 456 2801; x_wconf 55' lang='grc' dir='ltr'><strong>ΑξὲωπῙΠ.</strong></span> <span class='ocrx_word' id='word_1_433' title='bbox 478 2729 583 2800; x_wconf 59' lang='grc' dir='ltr'><strong>2ἶὸέ.</strong></span> <span class='ocrx_word' id='word_1_434' title='bbox 604 2729 674 2760; x_wconf 90' lang='grc'><strong>480.</strong></span> <span class='ocrx_word' id='word_1_435' title='bbox 717 2729 820 2760; x_wconf 90' lang='lat' dir='ltr'>schol.</span> <span class='ocrx_word' id='word_1_436' title='bbox 843 2728 959 2769; x_wconf 77' lang='lat' dir='ltr'>Eurip.</span> <span class='ocrx_word' id='word_1_437' title='bbox 981 2730 1080 2762; x_wconf 83' lang='lat' dir='ltr'>Rhes.</span> <span class='ocrx_word' id='word_1_438' title='bbox 1102 2731 1152 2761; x_wconf 85' lang='lat'>36.</span> <span class='ocrx_word' id='word_1_439' title='bbox 1196 2730 1349 2771; x_wconf 78' lang='lat' dir='ltr'>Aeschyl.</span> <span class='ocrx_word' id='word_1_440' title='bbox 1382 2730 1501 2770; x_wconf 73' lang='lat' dir='ltr'>fragm.</span> <span class='ocrx_word' id='word_1_441' title='bbox 1523 2730 1595 2761; x_wconf 84' lang='lat'>454.</span> <span class='ocrx_word' id='word_1_442' title='bbox 1618 2726 1667 2760; x_wconf 85' lang='lat' dir='ltr'>ed.</span> 
     </span>
     <span class='ocr_line' id='line_1_49' title="bbox 234 2778 573 2810; baseline 0.006 -10"><span class='ocrx_word' id='word_1_443' title='bbox 234 2778 314 2801; x_wconf 89' lang='lat' dir='ltr'>erm.</span> <span class='ocrx_word' id='word_1_444' title='bbox 366 2793 373 2800; x_wconf 88' lang='lat'>.</span> <span class='ocrx_word' id='word_1_445' title='bbox 418 2794 425 2801; x_wconf 93' lang='lat'>.</span> <span class='ocrx_word' id='word_1_446' title='bbox 448 2780 480 2810; x_wconf 88' lang='lat' dir='ltr'>p.</span> <span class='ocrx_word' id='word_1_447' title='bbox 566 2794 573 2801; x_wconf 92' lang='lat'>.</span> 
     </span>
    </p>
   </div>
   <div class='ocr_carea' id='block_1_10' title="bbox 160 2809 1000 2852">
    <p class='ocr_par' dir='ltr' id='par_1_18' title="bbox 160 2809 1000 2852">
     <span class='ocr_line' id='line_1_50' title="bbox 160 2809 1000 2852; baseline 0.002 -9"><span class='ocrx_word' id='word_1_448' title='bbox 160 2809 183 2851; x_wconf 80' lang='lat'>⁶)</span> <span class='ocrx_word' id='word_1_449' title='bbox 206 2810 300 2843; x_wconf 87' lang='lat' dir='ltr'>Stob.</span> <span class='ocrx_word' id='word_1_450' title='bbox 321 2810 438 2852; x_wconf 85' lang='lat' dir='ltr'>Eclog.</span> <span class='ocrx_word' id='word_1_451' title='bbox 464 2814 490 2842; x_wconf 93' lang='lat'>1.</span> <span class='ocrx_word' id='word_1_452' title='bbox 514 2821 545 2851; x_wconf 88' lang='lat' dir='ltr'>p.</span> <span class='ocrx_word' id='word_1_453' title='bbox 569 2812 617 2843; x_wconf 81' lang='lat'>48.</span> <span class='ocrx_word' id='word_1_454' title='bbox 640 2811 729 2851; x_wconf 87' lang='lat' dir='ltr'>hym.</span> <span class='ocrx_word' id='word_1_455' title='bbox 755 2811 904 2843; x_wconf 82' lang='lat' dir='ltr'>Cleanth.</span> <span class='ocrx_word' id='word_1_456' title='bbox 928 2812 949 2843; x_wconf 91' lang='lat' dir='ltr'>l.</span> <span class='ocrx_word' id='word_1_457' title='bbox 973 2822 1000 2846; x_wconf 90' lang='lat' dir='ltr'>c.</span> 
     </span>
    </p>
   </div>
  </div>
 </body>
</html>
