1731 2980
729 53 975 88 -41-

79 148 152 191 ,esss-
180 166 183 168 ·
205 146 280 194 Qui
301 158 420 198 quum
445 147 665 191 mandatum
691 151 890 198 exsecutus
914 151 1023 199 esset,
1049 148 1175 189 subito
1199 147 1386 189 ululatum
1402 148 1623 186 clamorem-

77 208 159 254 ,que
183 197 224 235 in
237 197 359 237 litore
384 200 509 236 ortum
533 210 626 246 esse,
650 202 695 237 ut
720 211 868 247 omnes,
901 200 967 250 qui
995 211 1072 237 una
1095 199 1169 237 iter
1203 198 1391 246 facerent,
1425 197 1623 235 vehemen-

80 246 225 288 tissimo
249 247 385 285 timore
409 247 659 287 afficerentur.

181 294 286 341 Quae
312 308 428 346 quum
451 298 604 346 praeter
628 296 874 337 Plutarchum
903 310 1015 337 nemo
1048 296 1209 335 aliorum
1233 296 1458 344 scriptorum
1481 299 1622 342 narret,

80 345 373 394 quod-quidem,
399 358 515 395 quum
539 346 692 384 nuntius
715 346 828 396 hujus
850 348 944 386 facti
966 347 1125 385 Romam
1149 346 1200 384 ad
1214 344 1406 384 Tiberium
1424 345 1624 383 Caesarem

81 393 252 444 perlatus
277 397 385 442 esset,
411 397 632 432 memoratu>
646 394 802 444 dignum
825 397 987 445 videtur,
1013 396 1141 435 statim
1162 395 1285 445 primo
1311 393 1446 432 obtutu
1467 407 1548 433 rem
1572 394 1624 433 ad

81 445 284 483 nautarum
306 443 457 483 fabulas
479 444 669 493 pertinere
693 445 734 483 in
759 446 1008 496 suspicionem
1029 446 1150 492 venit,
1182 445 1248 494 qui
1271 443 1446 482 miranda
1468 444 1624 482 ubicun-

83 505 156 543 que
193 495 382 531 terrarum
413 496 592 542 portenta
649 494 726 532 lebi
750 496 1032 544 superstitiosae
1062 495 1240 544 iacilique
1266 495 1498 531 enarrarent.
1547 492 1624 532 Sed

81 546 124 581 ut
148 553 239 579 vera
262 542 331 598 illa
354 542 487 581 fabula
510 543 570 590 sit,
596 508 648 581 ag
671 555 755 581 eam
780 544 1074 594 cognoscendam
1129 555 1226 582 auca
1249 542 1385 581 afferre
1409 541 1544 592 placet.

182 590 384 637 Quaeritur
408 595 544 641 autem,
571 593 656 650 quis
679 594 729 632 sit
752 594 913 644 Magnus
936 595 1042 634 Pan‘?
1067 594 1097 632 P
1112 594 1293 632 utarchus
1316 592 1345 633 l:
1374 605 1405 630 c.
1431 592 1531 629 1111110
1553 594 1623 630 Pa-

80 654 167 679 nem
191 642 397 679 secundum
429 645 652 680 sententiam
682 644 847 681 virorum
883 644 1081 682 doctorum
1115 643 1234 680 filium
1267 641 1480 690 Penelopae
1513 642 1623 680 fuisse

83 689 271 739 decla-rat3
297 690 365 729 sed
389 690 462 730 hoc
485 691 580 730 nihil
603 692 718 741 valet,
743 692 816 732 nisi
840 693 1067 732 sententiam
1080 705 1313 742 usurpemus,
1329 691 1428 730 sicut
1446 691 1625 730 Heracles

81 743 255 780 mortuus
278 741 347 787 sit,
372 744 416 779 ut
442 741 620 791 deinceps
644 755 792 791 semper
815 744 980 790 viveret,
1006 743 1063 779 ita
1086 743 1202 779 etiam
1225 742 1386 787 Panem,
1413 741 1625 788 Penelopae

80 790 210 836 filium,
236 790 345 838 quasi
358 790 548 839 quendam
572 791 779 829 semideum
802 792 879 830 sive
902 791 1023 830 heroa
1045 790 1172 838 fuisse,
1197 790 1263 841 qui
1286 792 1375 840 post
1393 792 1553 828 mortem
1577 789 1628 829 ad

81 838 262 889 majorem
280 838 510 889 vdignitatem
534 840 816 891 beatioremque
840 843 958 880 vitam
980 841 1205 891 pervenerit.
1231 875 1234 878 ,

178 889 355 938 Legimus
379 892 507 927 autem
530 891 645 928 etiam
669 890 764 928 alios
791 891 882 929 deos
904 893 1074 928 mortuos
1099 901 1192 935 esse,
1212 891 1257 926 ut
1281 888 1512 936 Apollinem,
1539 889 1628 925 Dio-

81 949 230 986 nysum,
266 939 307 977 in
332 939 504 987 Aegypto
538 950 628 977 vero
663 939 868 988 Osiridem,
903 940 945 978 in
969 940 1061 978 Asia
1084 937 1271 985 Attidem,
1304 937 1418 975 Creta
1441 937 1480 975 in
1505 937 1630 976 insula

81 987 230 1035 Jovem3
256 989 283 1038 ¹)
319 1000 417 1038 quae
450 987 602 1038 quidem
631 990 803 1037 numina,
840 1002 957 1040 quum
987 988 1086 1027 vires
1116 987 1309 1026 naturales
1333 989 1628 1036 repraesentent,

81 1037 179 1075 sicut
201 1050 330 1075 rerum
353 1040 490 1075 natura
513 1039 599 1087 ipsa
622 1038 735 1076 modo
758 1040 889 1077 vivunt
912 1039 1025 1077 modo
1050 1037 1293 1075 emoriuntur.

183 1087 259 1125 Sed
283 1088 316 1125 si
339 1087 464 1127 locum
489 1087 683 1125 Plutarchi
704 1088 829 1137 ipsum
852 1087 1066 1127 accuratius
1089 1089 1387 1137 perscrutemur,
1419 1085 1494 1124 duo
1520 1097 1629 1135 prae-

82 1137 191 1186 cipue
218 1139 409 1175 momenta
431 1137 671 1186 respicienda
694 1141 810 1187 atque
833 1138 1037 1177 tractanda
1059 1139 1162 1184 sunt,
1199 1149 1296 1186 quae
1321 1137 1480 1174 i'ortasse
1505 1136 1627 1174 locum

82 1188 286 1225 obscurum
311 1186 578 1236 difficilemque
602 1188 723 1236 magis
745 1188 938 1226 illustrare
961 1186 1117 1237 possint.

179 1237 354 1285 Legimus
388 1237 487 1274 enim
519 1236 626 1275 illum
649 1237 832 1276 Thamum
858 1237 1084 1288 Aegyptium
1114 1236 1248 1283 fuisse3
1285 1234 1390 1284 apud
1424 1235 1629 1284 Aegyptios

81 1287 206 1324 autem
232 1286 376 1326 cultum
400 1286 596 1324 stellarum
620 1287 782 1325 multum
806 1287 966 1326 valuisse
979 1286 1056 1335 iam
1073 1285 1149 1323 alio
1167 1285 1253 1323 loco
1273 1285 1469 1333 explicavi.
1504 1285 1629 1330 Quare

80 1335 242 1374 fortasse
267 1336 315 1373 de
342 1347 453 1373 cursu
478 1335 612 1373 stellae
636 1336 766 1383 Panis,
793 1336 840 1374 de
866 1337 964 1375 Sirio
989 1336 1066 1374 sive
1092 1334 1267 1383 Capella,
1293 1334 1497 1382 praecipue
1522 1335 1554 1372 si
1577 1334 1629 1371 ad

80 1384 236 1423 verbum
258 1385 402 1432 τελεῖν,
436 1384 539 1434 quod
574 1385 688 1423 etiam
721 1386 819 1423 viam
853 1386 1005 1435 explere
1030 1384 1239 1434 significat,
1274 1384 1439 1421 animum
1465 1383 1629 1422 adverti-

80 1446 182 1483 mus,
208 1434 272 1472 1110
296 1434 402 1472 100113
426 1434 733 1482 interpretandus
758 1438 826 1474 est.
877 1436 972 1473 Tum
997 1435 1111 1473 etiam
1135 1433 1303 1471 ululatus
1325 1433 1384 1470 illi
1408 1436 1523 1481 atquc
1549 1433 1626 1470 cla-

79 1495 204 1522 mores
227 1484 268 1521 in
292 1495 360 1520 ora
384 1483 573 1520 maritima
598 1483 755 1531 diversi,
793 1496 888 1533 quos
911 1483 1139 1521 Plutarchus
1174 1481 1326 1520 auditos
1357 1493 1438 1520 esse
1465 1494 1626 1520 comme-

81 1534 223 1582 morat,
258 1544 486 1582 quamquam
521 1544 567 1571 ex
599 1546 703 1572 more
729 1535 929 1583 poetarum
961 1533 1066 1572 locus
1098 1533 1181 1582 ipse
1213 1531 1442 1581 compositus
1465 1533 1626 1582 ‘vitaque

81 1583 195 1621 rebus
218 1582 456 1621 naturalibus
481 1584 589 1632 quasi
613 1584 736 1621 indita
761 1586 838 1631 est,
872 1596 1022 1622 sensum
1050 1585 1234 1631 optimum
1267 1582 1453 1630 praebent
1467 1611 1476 1628 ,
1509 1595 1625 1631 quum

81 1644 143 1670 res
167 1632 370 1680 naturales,
395 1644 492 1681 quae
521 1632 727 1670 secundum
750 1636 921 1671 veterum
944 1632 1152 1671 sententias
1167 1631 1390 1669 daemonum
1405 1631 1626 1669 habitacula

82 1683 181 1730 sunt,
207 1682 255 1720 de
279 1682 434 1720 interitu
459 1683 535 1720 sive
549 1694 686 1721 occasu
707 1682 840 1721 stellae
854 1682 1121 1730 lamentantur,
1147 1694 1223 1730 qua
1237 1680 1387 1718 lucente
1399 1682 1515 1718 vitam
1539 1694 1625 1729 ege-

74 1734 174 1817 rififnt.
226 1731 331 1817 Qucpe
356 1731 509 1780 quidem
534 1732 737 1781 explicatio
770 1732 962 1781 quandam
985 1732 1108 1769 lucem
1132 1730 1222 1768 huic
1247 1730 1331 1768 loco
1356 1733 1436 1776 tam
1462 1730 1622 1768 obscuro

74 1792 98 1817 a
128 1792 210 1818 erre
235 1781 272 1818 vi
301 1782 394 1818 etur.

174 1830 249 1869 Sed
288 1830 402 1868 etiam
433 1829 508 1868 alio
550 1829 663 1868 modo
702 1842 832 1868 sensus
864 1830 969 1868 haud
1003 1829 1155 1868 omnino
1187 1828 1415 1878 rejiciendus
1451 1829 1623 1876 efficium,

76 1891 187 1928 quem
212 1879 489 1928 quodammodo
514 1892 598 1917 cum
629 1879 697 1917 illo
734 1880 944 1917 consentire
975 1881 1088 1928 puto,
1123 1879 1156 1916 si
1189 1879 1241 1916 ad
1277 1877 1382 1916 aliud
1415 1877 1491 1916 loci
1523 1878 1625 1919 illius

74 1933 305 1967 momentum
328 1929 559 1978 respicimus.
620 1929 795 1978 Legimus
829 1929 929 1967 enim
959 1929 1059 1967 hanc
1082 1940 1212 1966 vocem
1236 1930 1524 1977 vesperascente
1543 1928 1625 1978 jam

75 1978 199 2027 coelo,
234 1991 350 2028 quum
373 1990 477 2016 mare
503 1979 671 2028 quietum
696 1981 814 2026 esset,
841 1979 1011 2017 auditam
1044 1991 1136 2017 0330.
1189 1977 1312 2024 Quum
1335 1990 1425 2015 vero
1452 1978 1533 2016 (1103
1556 1978 1623 2016 ab·

74 2031 224 2078 sumpta
257 2028 322 2074 sit,
355 2028 412 2066 sol
446 2040 596 2066 cursum
631 2041 738 2066 suum
770 2029 892 2067 finivit
924 2029 1075 2078 (τελεῖν)
1111 2040 1226 2076 seque
1251 2028 1290 2065 in
1316 2028 1509 2065 Oceanum
1534 2028 1622 2065 ruit.

73 2078 185 2125 Tum,
221 2077 253 2115 si
278 2077 424 2126 poetice
453 2080 497 2114 ut
521 2077 645 2127 ajunt,
683 2080 810 2116 rerum
834 2080 994 2117 naturae
1017 2079 1134 2116 vitam
1158 2078 1326 2116 tribuere
1351 2076 1523 2116 volumus
1542 2108 1550 2125 ,
1585 2078 1624 2115 in

73 2127 230 2166 interitu
255 2127 331 2166 sive
357 2139 494 2165 occasu
519 2127 609 2166 solis
634 2140 695 2166 res
718 2131 914 2176 terrenae,
949 2141 1047 2178 quae
1081 2128 1166 2166 luce
1200 2128 1385 2177 gaudent,
1420 2128 1624 2177 appropin-

74 2180 215 2227 quante
247 2179 358 2215 nocte
372 2207 381 2224 ,
417 2178 525 2226 quasi
555 2178 720 2226 quadam
753 2179 909 2216 tristitia
943 2178 1182 2225 afficiuntur,
1217 2177 1623 2225 lamentationibusque

73 2228 190 2265 solem
215 2226 448 2264 occidentem
473 2229 763 2277 prosequuntur.

172 2277 346 2314 Fortasse
372 2277 486 2314 etiam
512 2276 686 2316 doctrina
706 2278 936 2316 Graecorum
961 2276 1009 2315 de
1035 2276 1281 2315 daemonibus
1309 2276 1417 2314 locus
1427 2275 1623 2314 Plutarchi

73 2327 192 2375 magis
216 2326 436 2375 perspicuus
460 2326 513 2363 fit.

174 2375 309 2414 Omnia
332 2377 476 2422 autem,
506 2388 667 2425 quorum
693 2388 825 2415 causas
849 2388 926 2414 non
948 2375 1046 2414 bene
1070 2376 1342 2425 perspicerent,
1368 2377 1407 2413 et
1431 2374 1471 2412 in
1496 2387 1623 2413 rerum

73 2427 213 2464 natura
236 2426 275 2463 et
298 2425 337 2462 in
361 2424 555 2463 hominum
590 2426 725 2465 animis
750 2438 820 2476 per
844 2425 1069 2464 daemonum
1092 2427 1192 2464 vires
1216 2425 1349 2474 perfici
1373 2428 1519 2463 veteres
1544 2437 1624 2462 cre-

74 2474 235 2522 debant,
271 2475 336 2524 qui
370 2487 486 2523 quum
519 2474 619 2512 inter
652 2475 745 2514 deos
779 2475 1023 2525 hominesque
1057 2475 1224 2513 medium
1249 2475 1374 2513 locum
1397 2474 1623 2522 obtinerent,

117 2625 139 2666 ¹)
162 2624 290 2657 Gallim.
319 2623 408 2665 hym.
436 2624 474 2656 in
501 2623 575 2656 Jov.
607 2624 656 2655 18.
699 2624 791 2659 Suid.
823 2625 879 2658 111.
901 2625 972 2659 109.
1007 2624 1143 2659 Lucian.
1171 2626 1215 2658 Ju
1241 2650 1249 2658 .
1280 2625 1346 2657 Tra
1371 2648 1379 2656 .
1401 2623 1495 2655 Tom.
1518 2623 1571 2655 VI.
1592 2634 1625 2664 p,

156 2668 229 2698 279.
250 2666 324 2707 Bip.
345 2665 483 2698 Lucian.
504 2665 547 2697 de
567 2665 676 2697 sacrif.
701 2668 750 2699 10.
773 2668 888 2699 Cicero
912 2666 955 2698 de
975 2669 1046 2700 nat.
1067 2667 1168 2699 Deor.
1189 2668 1221 2700 11
1239 2670 1304 2699 .21.
1329 2680 1342 2695 2»
1368 2675 1465 2697 ovem
1486 2666 1626 2696 tertium

157 2708 351 2741 Cretensem
371 2708 534 2748 nominat,
557 2706 693 2739 Saturni
713 2707 831 2749 filium,
854 2709 946 2750 cujus
968 2708 1004 2740 in
1015 2708 1074 2740 illa
1084 2709 1194 2741 insula
1205 2710 1391 2750 sepulcrum
1404 2707 1623 2739 ostenditur.‹

238 2750 467 2791 Pythagoram
491 2750 533 2781 de
554 2752 666 2781 morte
687 2750 716 2781 A
743 2750 854 2782 ollinis
876 2749 1085 2791 epigramma
1106 2751 1332 2792 composuisse
1351 2750 1474 2783 ferunt.
1503 2748 1626 2788 Porph.

159 2791 217 2823 vit.
238 2791 336 2833 Pyth.
358 2801 391 2832 p.
417 2793 465 2822 18.
487 2791 596 2831 Cyrill.
619 2791 693 2823 adv.
713 2760 832 2826 11111311.
853 2802 886 2833 p.
908 2793 981 2825 312.
1002 2791 1127 2833 Spanh.
1147 2793 1288 2834 August.
1306 2792 1348 2824 de
1366 2791 1427 2823 civ.
1450 2791 1520 2822 Dei.
1543 2789 1625 2822 vlll.

137 2865 143 2872 ,
156 2834 185 2864 5.
206 2834 256 2865 23.

1128 2890 1149 2923 ὕ
