1731 2980
759 20 906 68 -’38
957 52 1006 57 -

202 128 380 167 Fortasse
405 128 520 166 etiam
545 128 583 166 in
608 127 681 165 hac
710 128 879 177 Syringis
903 127 1036 177 fabula
1061 128 1250 178 quaedam
1269 130 1434 178 cognitio
1457 134 1573 183 atque
1598 145 1663 175 ex-

102 178 260 226 plicatio
285 178 433 215 numeri
458 181 573 227 atque
604 176 888 215 intervallorum
923 178 1089 216 musicae
1121 177 1236 226 inest,
1270 189 1389 227 quum
1412 179 1531 219 'idem‘
1550 185 1664 222 tonus

102 228 248 316 1θὲξῖἷέ
272 227 1516 317 Ἒὲἓᾞεἰ11ῗᾶἷὲἱῗ“3ἔ“ῖειὲἓὲ“ιέθζξῗὲῒῗ“ι>ἓὲἓίῗἒὲἶρωέιξῗ
1535 235 1664 319 Ρὸωῗέ

103 288 300 382 οἶῇιιξάέω
324 306 438 363 fuisse
454 289 642 372 ‘im-rant?
657 326 723 374 qui
748 337 865 382 quum
889 290 1018 364 Miissas
1041 308 1081 363 in
1106 328 1212 364 terra
1229 290 1414 382 canende?
1424 292 1661 378 delelgtaslstdt,

101 374 353 475 plaptglgpsque
387 386 585 412 numerum
619 377 897 425 supposmsset,
932 378 1019 458 post
1048 377 1209 414 mortem
1239 377 1340 414 mter
1373 375 1500 416 Sidera
1529 390 1661 430 recep-

205 489 304 528 Huic
337 500 427 528 vero
461 488 614 527 fabulae
648 501 779 528 sensus
814 501 904 528 sane
937 490 1214 540 pulcherrimus
1250 490 1474 540 respondet,
1493 488 1663 531 ’omnem

103 551 300 577 numerum
328 551 375 576 ex
399 551 556 577 numero
591 539 687 577 coeli
719 542 836 588 atque
870 539 1070 578 harmonia
1102 540 1142 578 in
1175 540 1359 578 musicam
1381 541 1572 578 terrenam
1597 541 1662 579 de-

105 591 296 637 sumptum
322 591 438 646 atque
463 588 564 627 hanc
587 588 770 626 musicam
794 588 890 627 nihil
916 589 1020 628 aliud
1047 601 1148 638 esse,
1180 589 1254 628 nisi
1284 589 1447 639 effigiem
1472 589 1664 639 quandam

104 638 272 676 musicae
298 637 406 678 coeh.
465 638 572 677 Sicut
602 638 642 676 in
669 637 775 677 coelo
809 651 989 678 numerus
1013 639 1052 677 in
1074 641 1180 678 motu
1205 639 1401 678 stellarum
1426 640 1574 688 oculos,
1606 640 1663 678 ita

101 687 217 725 etiam
241 688 281 725 in
307 690 412 725 terra
435 688 579 726 musica
603 699 714 726 aures
751 687 986 726 audientium
1019 700 1176 727 numero
1209 691 1325 738 atque
1359 688 1560 727 intervallo
1596 688 1662 727 de-

99 736 230 785 lectat,
257 737 452 787 omnisque
477 749 655 775 numerus
679 737 791 776 sicuti
816 749 862 776 ex
889 738 994 777 coelo
1021 739 1154 786 oritur,
1181 738 1235 777 sic
1260 738 1374 777 etiam
1402 737 1453 776 ad
1468 740 1663 777 aeternum

102 786 182 837 ejus
208 786 380 826 ordinem
404 786 544 825 iterum
567 787 790 826 referendus
815 790 883 827 est.

202 852 298 890 Cum
329 851 404 890 hac
436 864 551 902 quam
584 853 766 901 proposui
798 852 948 901 fabula,
987 852 1064 891 alia
1096 850 1232 891 intime
1260 852 1464 891 cohaerere
1501 852 1661 901 videtur,

101 914 218 951 quam
256 902 304 940 de
339 901 447 941 Echo
481 904 629 941 veteres
660 903 866 951 scriptores
899 905 1014 952 atque
1048 905 1184 952 poetae
1210 904 1398 940 enarrant.
1415 903 1443 951 ἵ)
1506 903 1662 942 Amasse

100 952 203 990 enim
229 951 370 990 dicitur
394 952 476 990 Pan
517 952 624 990 Echo
666 964 855 1001 saepeque
879 952 917 990 in
945 952 1046 990 silvis
1070 952 1336 1001 montibusque
1361 951 1459 990 tibia
1483 952 1663 990 cecinisse

102 1004 140 1039 et
165 1003 367 1052 tantopere
395 1014 488 1040 sono
502 1014 726 1052 repercusso
742 1002 911 1052 gavisum
925 1014 1017 1050 esse,
1042 1004 1085 1039 ut
1095 1001 1309 1053 Nympham
1326 1001 1366 1040 in
1381 1001 1662 1041 matrimonium

101 1051 270 1089 duceret.
330 1052 437 1090 Sicut
466 1064 645 1090 numerus
677 1052 715 1089 in
744 1054 859 1089 cantu
901 1052 1011 1101 quasi
1043 1052 1231 1101 quaedam
1266 1051 1409 1101 effigies
1441 1051 1662 1090 harmoniae

101 1100 209 1148 coeli,
236 1100 292 1138 sic
317 1101 433 1139 etiam
459 1101 553 1139 echo
581 1101 724 1150 effigies
750 1102 884 1139 cantus
908 1102 949 1139 in
973 1101 1076 1139 hunc
1099 1100 1302 1139 redundat.

202 1165 241 1215 8)
267 1165 373 1204 Inest
397 1167 525 1204 autem
550 1165 589 1203 in
614 1165 760 1203 musica
783 1177 860 1204 non
885 1165 1007 1204 solum
1032 1165 1351 1204 oblectamentum
1384 1165 1558 1214 auribus,
1594 1165 1662 1203 sed

101 1215 678 1313 fftffsstssrussffdaffessffitdssfftss‘iss.
694 1215 884 1301 lffin‘ssix’
911 1214 1662 1312 ἓῖωίῗᾶἓέἶὲῒαιὲεῧῙθΡῗέωΡῇἚῗθῗὲἑἘ

104 1312 262 1364 quidam
294 1325 377 1353 esse
410 1313 561 1362 volunt;
580 1314 607 1364 5)
646 1316 750 1352 certe
785 1316 843 1352 est
875 1313 948 1352 dea
971 1277 1192 1364 Quaedam,
1229 1276 1491 1352 vimqsolarem
1514 1313 1555 1352 in
1579 1325 1662 1353 sese

103 1363 311 1402 continens.
370 1363 475 1403 Ordo
509 1364 608 1403 enim
638 1364 722 1411 ille,
757 1364 823 1413 qui
847 1376 918 1413 per
940 1367 1062 1402 totam
1085 1376 1213 1402 rerum
1236 1366 1413 1401 naturam
1447 1363 1662 1413 divulgatus

104 1416 182 1461 est,
209 1414 242 1451 si
268 1425 360 1451 casu
384 1414 513 1471 aliquo
539 1414 799 1461 disturbatur,
827 1426 897 1464 per
922 1413 1053 1462 deum,
1080 1414 1146 1463 qui
1172 1413 1207 1451 ei
1231 1414 1404 1463 praeest,
1438 1412 1662 1452 restituatur

103 1475 258 1503 necesse
287 1465 355 1512 est,
377 1466 420 1503 ⁴et
442 1465 490 1503 iis
516 1463 668 1515 quidem
694 1463 853 1514 legibus,
880 1464 1020 1514 quibus
1045 1465 1221 1503 universa
1244 1476 1372 1502 rerum
1396 1466 1536 1503 natura
1559 1463 1661 1503 ordi-

104 1515 219 1552 natur
245 1515 283 1552 et
304 1514 460 1563 regitur.
478 1515 508 1564 ⁶)

206 1577 283 1615 Sed
307 1588 424 1627 quum
450 1577 593 1626 omnia,
620 1588 717 1627 quae
743 1578 894 1616 exstant
917 1576 957 1615 in
982 1588 1110 1615 rerum
1133 1578 1273 1615 natura
1295 1578 1401 1615 recte
1425 1577 1573 1616 tantum
1600 1589 1662 1616 co-

106 1629 360 1677 gnoscantur,
395 1628 429 1666 si
455 1628 564 1677 quasi
589 1628 792 1666 simulacra
816 1631 931 1676 atque
957 1627 1100 1676 effigies
1125 1627 1268 1665 ordinis
1293 1627 1409 1665 divini
1434 1629 1549 1675 atque
1573 1627 1661 1665 har-

104 1678 256 1714 moniae
281 1676 378 1713 coeli
401 1677 678 1726 percipiantur,
717 1689 832 1725 quum
857 1677 978 1714 omnis
1002 1678 1180 1714 venustas
1206 1678 1327 1724 atque¹
1373 1675 1591 1713 ulchritudo
1616 1687 1661 1713 eo

105 1727 255 1764 tantum
279 1725 424 1774 valeat,
452 1725 556 1776 quod
581 1726 745 1776 speciem
770 1725 922 1764 luminis
946 1724 1119 1765 coelestis
1144 1728 1260 1775 atque
1287 1688 1583 1775 pusshritudinis
1607 1738 1666 1765 so-

188 1900 318 1931 nummi
339 1900 488 1940 antiqui,
520 1901 555 1931 in
578 1888 698 1940 quibus
721 1900 846 1931 Panem
873 1900 909 1931 in
930 1899 1050 1932 mediis
1071 1899 1217 1940 planetis
1238 1899 1354 1931 fictum
1376 1900 1578 1932 invenimus.
1625 1899 1666 1931 cf.

190 1941 291 1974 Gerh.
311 1942 398 1983 Hyp.
420 1942 538 1974 Roem.
560 1941 655 1974 Stud.
677 1942 718 1974 II.
740 1952 772 1982 p.
793 1943 845 1973 95.
867 1952 900 1973 n.
921 1944 971 1973 24.

149 1998 170 2038 ¹)
192 1998 381 2030 Erastosth.
404 1999 525 2030 Catast.
547 1999 597 2032 28.
621 1998 734 2039 Hygin
756 1997 823 2030 fab.
845 1999 914 2029 224.
937 1998 1029 2029 Poet.
1053 1998 1189 2029 Astron.
1211 1997 1252 2029 II.
1272 1999 1323 2028 27.
1370 1997 1539 2037 »Croton,
1569 1996 1666 2028 Pams

188 2041 224 2071 et
244 2040 438 2081 Euphemes
459 2039 547 2073 filius
568 2040 760 2072 conlacteus
776 2040 945 2071 Musarum
967 2039 1003 2070 in
1024 2039 1156 2072 stellam
1179 2038 1391 2080 sagittarium
1413 2040 1563 2070 mutatus
1584 2042 1662 2069 est.«

147 2097 170 2136 2)
194 2096 331 2128 Lucian.
343 2096 422 2128 dial.
443 2097 535 2128 deor.
558 2096 660 2128 XXII.
681 2100 711 2128 4.
732 2096 822 2136 hym.
845 2095 948 2136 Orph.
969 2096 1025 2127 XI.
1047 2097 1076 2127 9.
1099 2095 1250 2128 Macrob.
1272 2096 1341 2128 Sat.
1366 2098 1393 2127 l.
1411 2098 1461 2127 22.
1474 2097 1503 2126 7.
1524 2095 1662 2126 Anthol.

187 2137 279 2170 Plan.
302 2138 358 2172 IV.
382 2139 452 2178 152,
476 2140 547 2179 154,
568 2139 642 2178 225,
662 2139 733 2170 233.
755 2138 888 2174 Mosch.
909 2137 957 2169 Id.
978 2138 1033 2169 VI.
1057 2140 1084 2169 l.

271 2179 461 2211 Secundum
484 2180 716 2212 Ptolemaeum
738 2180 827 2219 apud
847 2179 946 2211 Phot.
967 2189 1000 2219 p.
1022 2180 1093 2213 490.
1116 2188 1221 2218 amor,
1244 2188 1309 2218 quo
1327 2178 1422 2210 Echo
1443 2178 1663 2218 persequeba-

187 2222 254 2261 tur,
277 2221 320 2252 ab
341 2221 533 2262 Aphrodite
554 2223 698 2262 propter
714 2220 894 2261 judicium,
937 2221 1030 2261 quod
1049 2220 1092 2251 de
1112 2219 1365 2260 pulchritudine
1388 2219 1556 2259 exhibuit,
1578 2219 1660 2250 Pani

185 2262 329 2294 in'ectus
351 2264 411 2295 est.
463 2263 626 2294 Nituntur
658 2262 786 2303 dialogi
813 2262 864 2294 illi
892 2262 1003 2302 jocosi
1022 2261 1114 2292 inter
1134 2261 1259 2292 Panem
1282 2263 1317 2292 et
1336 2261 1443 2301 Echo,
1464 2262 1503 2292 ut
1523 2260 1661 2291 Anthol.

186 2303 213 2334 P
228 2313 282 2337 an.
303 2303 358 2335 IV.
383 2305 452 2335 152.
475 2314 541 2344 quo
560 2303 631 2335 Pan
652 2313 804 2335 amorem
824 2303 967 2345 flagitat,
988 2302 1102 2334 fabula
1122 2302 1191 2343 illa,
1213 2311 1313 2342 quam
1334 2312 1437 2343 supra
1459 2310 1662 2334 commemo-

186 2345 269 2376 ravi.
292 2344 334 2376 cf.
355 2344 475 2376 Zonar.
497 2345 562 2376 lex.
584 2354 610 2376 s.
632 2355 662 2376 v.
684 2347 895 2385 εἰλιπλάγητος.

146 2401 170 2441 ³)
191 2399 285 2432 Stob.
307 2400 413 2433 Serm.
437 2402 465 2432 1.
488 2411 519 2441 p.
540 2402 612 2433 930.
635 2400 777 2433 Secund.
797 2400 954 2442 Apollod.
975 2400 1031 2432 III.
1055 2401 1104 2433 10.
1128 2402 1157 2432 3.
1188 2399 1356 2441 Apollinis
1376 2397 1464 2431 filius
1485 2398 1660 2440 apellatur.

188 2441 230 2474 cf.
251 2442 402 2474 Macrob.
424 2442 492 2474 Sat.
517 2445 544 2474 1.
565 2444 615 2474 22.
637 2445 667 2474 7.

145 2498 170 2537 ⁴¹)
191 2497 288 2529 Stob.
308 2497 413 2530 Serm.
435 2498 455 2530 l.
479 2508 507 2530 c.
530 2499 566 2530 et
587 2508 619 2539 p.
644 2499 734 2529 1092.
750 2500 769 2530 ὅ
788 2499 970 2538 Ἀσκληπιός
987 2499 1089 2533 Πανός
1110 2500 1159 2528 καὶ
1177 2498 1441 2539 Ἡφαιστοβοῦλης.

146 2553 170 2594 ⁶)
194 2553 343 2586 Creuzer.
366 2554 478 2595 Symb.
496 2554 536 2586 II.
546 2556 619 2586 738.
639 2554 773 2586 Athene
794 2563 895 2595 saepe
916 2563 992 2585 cum
1003 2553 1196 2594 Hephaesto
1218 2552 1446 2594 conjungitur,
1467 2551 1559 2592 quod
1569 2559 1661 2592 prae-

187 2595 285 2635 cipue
295 2595 421 2635 tabula‚
443 2606 543 2637 quam
555 2594 667 2627 Maffei
678 2595 787 2627 edidit
801 2595 895 2636 (Mus.
906 2595 1028 2627 Veron.
1039 2605 1073 2635 p.
1084 2596 1168 2632 468.)
1190 2593 1418 2626 confirmatur.
1440 2592 1482 2625 cf.
1498 2593 1659 2625 Welcker.

187 2636 323 2677 Episch.
346 2637 434 2678 Cycl.
456 2648 489 2678 p.
512 2639 552 2669 35
573 2648 621 2678 sq.
643 2639 745 2677 atque
766 2636 888 2677 Spanh.
911 2637 956 2668 ad
976 2636 1056 2668 Call.
1078 2646 1112 2677 p.
1129 2638 1201 2668 721.
1222 2636 1305 2667 Ern.
1323 2638 1473 2677 Ἡφαίστῳ
1495 2637 1570 2667 πότι
1581 2636 1660 2667 Πάλ-

188 2681 241 2713 λας
261 2681 310 2710 ἐπ’
329 2681 486 2720 ἆγκονίῃσι
507 2684 629 2718 μιγεῖσα
650 2682 704 2714 Εἷς
725 2681 816 2719 εὖνήν
836 2681 934 2718 ἐμίγη,
955 2681 1078 2719 mnam
1098 2680 1132 2710 ἒν
1151 2681 1312 2716 θαλάμοις.

146 2735 170 2775 ⁶)
192 2734 243 2765 De
265 2735 383 2775 mytho
405 2734 554 2776 Asclepii
584 2734 625 2767 cf.
647 2735 758 2775 Apoll.
778 2734 835 2767 III.
858 2736 908 2766 10.
930 2735 960 2766 3.
980 2734 1075 2767 Paus.
1095 2734 1136 2766 11.
1157 2735 1208 2767 26.
1229 2735 1260 2765 4.
1289 2731 1440 2765 Macrob.
1469 2732 1537 2765 Sat.
1561 2734 1589 2765 1.
1611 2731 1659 2762 20.

188 2776 305 2808 Cicero
329 2777 371 2809 de
392 2780 460 2810 nat.
485 2777 577 2809 deor.
600 2777 655 2809 111.
677 2778 727 2808 22.
750 2787 782 2817 p.
803 2780 874 2809 614.
897 2776 1009 2808 Creuz.
1031 2777 1165 2809 Movere
1187 2775 1312 2808 Phoen.
1338 2777 1363 2806 1.
1387 2785 1419 2814 p.
1442 2776 1513 2807 529.
1535 2775 1570 2807 et
1591 2774 1659 2805 533.
