1731 2980
744 23 991 58 „50-

87 120 277 166 mutatur,
305 117 464 168 e'usque
487 118 569 156 vice
594 117 776 167 fungitur.
801 120 828 167 ¹)
878 117 1129 158 Praedicatur
1149 122 1276 158 autem
1301 122 1434 161 eadem
1457 125 1506 164 de
1530 138 1646 167 eausa

87 168 243 207 Goelum
266 170 306 207 et
362 181 459 216 erra,
487 167 639 206 Lucifer
662 169 780 217 atque
805 179 935 207 omnes
957 180 1021 208 res
1044 168 1280 209 Ger-minans.
1295 172 1326 220 ²)
1352 170 1423 211 Est
1445 174 1527 213 Pan
1552 176 1646 216 deus

85 218 262 267 rusticus,
288 218 442 257 Servius
468 216 582 265 dicit,
608 219 725 267 atque
749 217 806 255 ita
827 218 1056 267 nomInatur,
1082 219 1186 269 quod
1209 231 1356 258 omnem
1380 223 1556 263 naturum
1580 238 1641 265 ex·-

86 268 245 320 primat,
271 268 417 315 Solem,
444 267 610 315 Lunam,
633 267 801 306 Aethera
825 269 895 308 cet.
912 268 941 318 ³)

184 318 360 381 Deniqpe
386 317 500 355 etiam
525 328 612 355 eum
634 317 705 356 τὸν
728 318 798 363 τ’ῗς
821 315 920 369 ὕλης
944 319 1079 368 κύριον
1104 329 1150 356 ea
1172 318 1344 366 notione,
1378 332 1456 368 qua
1478 322 1644 371 philoso—

83 367 153 417 phi
176 366 275 406 illud
300 367 374 419 υλη
399 366 477 405 sive
501 366 663 405 materia
685 337 914 416 inteiligunn
926 367 1161 406 nominatum
1179 368 1215 406 le
1244 368 1350 416 'mus,
1366 369 1641 413 sinaei-obius:

86 417 222 457 »Hunc
245 417 379 464 Deum,
405 416 577 468 (Panem)
602 416 739 473 inquit,
765 416 934 455 Arcades
959 416 1099 465 colunt,
1125 429 1225 468 appe
1256 420 1367 456 antes
1379 418 1453 457 τόν
1464 421 1532 473 τῆς
1548 420 1643 474 ὕλης

84 469 231 518 κύριον,
256 478 334 504 non
358 465 539 504 silvarum
564 466 769 513 dommum,
796 466 863 504 sed
874 466 1072 505 universae
1095 466 1331 506 substantiae
1344 468 1552 508 materialis
1576 471 1643 509 do-

83 516 308 555 minatorem
332 514 545 565 significare
568 515 773 554 volentes«
790 516 823 566 ι·)
1457 553 1460 558 ,

185 565 309 612 Quare
334 576 452 615 quum
478 577 525 604 ex
549 565 596 603 iis
611 595 620 613 ,
659 576 758 615 quae
788 565 1047 615 praecedunt,
1085 568 1225 604 natura
1248 566 1363 605 Panis
1399 566 1501 605 clare
1526 570 1642 618 atque

82 616 283 666 perspicue
308 615 458 654 elucere
482 615 677 664 videatur,
710 627 828 665 quum
865 616 975 665 quasi
1005 616 1068 654 via
1091 617 1287 666 patefacta
1311 616 1379 664 sit,
1411 627 1489 666 qua
1510 617 1642 658 fabula

82 678 203 715 usque
227 665 279 703 ad
303 664 558 715 Orphicorum
582 664 794 703 doctrinam
826 665 997 715 ingressa
1020 666 1088 714 sit3
1125 666 1221 704 nihil
1252 669 1395 714 restat,
1428 666 1502 704 nisi
1523 669 1568 704 ut
1593 668 1640 707 de

81 715 225 762 Fauno,
248 714 433 753 Italorum
458 715 542 762 deo,
570 715 635 764 qui
663 715 883 764 saepissime
908 727 993 753 cum
1012 715 1116 754 Pane
1142 727 1224 753 com
1253 718 1385 753 aratur
1409 718 1525 765 atque
1552 728 1640 755 con—

77 764 266 813 jungitur,
291 776 417 813 pauca
441 763 605 803 dicenda
630 764 716 812 sint,
742 764 922 814 quoniam
947 764 998 803 ad
1021 767 1197 804 naturam
1247 765 1331 804 anis
1353 764 1468 815 plane
1493 767 1640 815 perspi-

81 814 254 852 ciendam
278 814 438 852 multum
464 814 672 852 conferant.
1209 856 1224 868 ,

776 997 823 1056 ς.
870 998 939 1043 13.

304 1135 392 1180 Pan
424 1149 517 1179 cum
550 1135 720 1192 Fauno,
750 1135 951 1180 Italorum
985 1136 1090 1189 deo,
1122 1141 1405 1193 comparatur.

175 1251 220 1290 In
243 1251 384 1290 fabulis
407 1252 576 1301 gentium
599 1251 785 1290 Italarum
809 1252 1014 1306 praecipue
1038 1251 1258 1290 Latinarum
1272 1251 1443 1289 Faunum
1469 1262 1629 1290 comme—

75 1303 265 1339 moratum
287 1301 464 1351 legimus,
491 1303 556 1351 qui
581 1305 707 1352 etymo
734 1314 802 1340 suo
828 1305 943 1350 atque
967 1304 1108 1340 natura
1131 1313 1307 1350 magnam
1331 1301 1434 1339 omni
1457 1302 1628 1351 tempore

75 1350 339 1388 difficultatem
361 1351 549 1400 praebuit.
1321 1374 1326 1377 ·

173 1399 271 1438 Nam
296 1399 399 1449 quod
424 1399 476 1438 ad
487 1402 652 1449 etymum
662 1400 839 1449 pertinet,
864 1398 1090 1437 vocabulum
1102 1398 1254 1437 Faunus
1277 1410 1302 1437 a
1319 1398 1470 1437 »faveo«
1483 1396 1626 1437 factum

73 1462 154 1487 esse
179 1452 327 1498 putant.
388 1449 571 1497 Quidam,
597 1450 652 1487 ait
678 1450 830 1488 Servius
855 1448 906 1487 ad
931 1449 1043 1498 Verg.
1070 1449 1162 1487 Aen.
1188 1448 1291 1486 VIII.
1320 1450 1429 1496 314.,
1454 1448 1628 1486 Faunum

69 1499 305 1548 appellatum
329 1498 461 1536 volunt
486 1511 570 1536 eum
585 1529 593 1545 ,
631 1511 746 1547 quem
777 1511 847 1536 nos
871 1498 1082 1547 Propitium
1108 1497 1277 1535 dicimus.
1328 1497 1435 1535 Idem
1461 1509 1550 1535 vero
1575 1498 1627 1536 ad

68 1548 180 1597 Verg.
196 1548 331 1598 Georg.
350 1551 382 1586 1.
399 1552 456 1586 10.
472 1548 574 1596 dicit,
600 1548 774 1587 Faunum
790 1548 846 1586 ita
861 1547 1004 1586 dictum
1025 1547 1075 1586 ab
1095 1559 1151 1594 eo,
1179 1547 1282 1596 quod
1293 1547 1355 1585 fru
1384 1546 1467 1586 'bus
1486 1546 1623 1586 faveat.

167 1598 242 1636 Alii
267 1598 315 1636 ab
343 1598 460 1636 »fari«
488 1598 512 1636 i.
539 1610 570 1636 e.
595 1598 796 1636 vaticinari
828 1597 1038 1636 derivatum
1070 1608 1151 1636 esse
1182 1599 1321 1647 putant
1382 1609 1544 1647 eumque
1567 1596 1624 1636 ita

66 1647 315 1697 appellatum,
343 1648 520 1697 quoniam
546 1648 703 1685 oracula
728 1650 851 1685 canat.
872 1648 901 1697 ⁵)

165 1698 262 1735 Sunt
287 1700 413 1735 autem
440 1700 478 1735 et
503 1697 588 1745 alii,
623 1697 688 1746 qui
713 1697 872 1736 eandem
897 1709 982 1735 cum
1017 1696 1202 1735 vocabulo
1227 1699 1321 1736 Πάν
1345 1696 1514 1734 radicem
1540 1707 1621 1736 esse

63 1750 211 1795 putant,
238 1759 284 1785 ex
310 1748 457 1787 Graeco
510 1748 637 1785 uidem
661 1747 845 1785 vocabulo
872 1749 962 1797 φάω
987 1747 1013 1784 i.
1042 1759 1073 1784 e.
1094 1746 1219 1794 luceo,
1244 1747 1314 1788 for.

162 1796 238 1834 Alii
273 1797 436 1853 denique
506 1809 647 1835 aunum
689 1797 798 1834 initio
833 1809 962 1845 regem
992 1796 1127 1837 Italiae
1164 1796 1278 1834 fuisse
1316 1798 1620 1844 commemorant,

61 1845 184 1932 filiumc
193 1846 274 1884 Pici
293 1846 505 1946 ffungdam'
532 1847 598 1896 qui
622 1849 755 1897 postea
780 1846 818 1884 in
845 1859 962 1895 avem,
989 1858 1087 1896 quae
1111 1846 1212 1884 idem
1229 1857 1365 1884 nomen
1382 1846 1491 1896 gerit,
1518 1857 1620 1884 coma

61 1908 125 1933 mu
144 1908 167 1933 a
184 1909 229 1934 us
253 1908 292 1934 es
312 1927 319 1934 .

104 2044 124 2084 ¹)
146 2043 244 2075 Joan.
266 2043 406 2076 Diacon.
428 2044 471 2076 ad
494 2046 569 2077 Hes.
592 2056 622 2077 v.
645 2047 715 2077 381.
736 2056 770 2086 p.
791 2045 861 2076 473.
904 2043 1053 2076 Macrob.
1076 2043 1144 2076 Sat.
1169 2045 1195 2075 1.
1217 2044 1266 2075 23.
1313 2045 1435 2084 Ὀρφεός
1454 2045 1511 2076 τόν
1530 2044 1617 2084 ἥλιον

141 2090 220 2124 Ζῆνα
247 2089 463 2126 προςαγορεόει
486 2091 534 2119 καὶ
555 2091 648 2119 Πᾶνα.
679 2088 714 2117 et
733 2090 789 2118 τὸν
810 2089 1008 2127 Πρωτόγονον
1029 2088 1048 2125 ἡ
1069 2088 1215 2124 θεολογία
1235 2086 1368 2124 ἄνυμνεῖ
1386 2088 1435 2117 καὶ
1456 2089 1512 2118 Δία
1532 2088 1621 2117 καλεῖ·

141 2129 265 2158 πάντων
287 2129 432 2169 διάκτορα
453 2132 501 2160 καὶ
522 2131 595 2160 ὅλου
616 2134 672 2160 τοῦ
693 2131 832 2168 κόσμου,
856 2130 907 2159 διό
930 2130 979 2159 καὶ
999 2131 1085 2159 Πᾶνα
1106 2129 1272 2159 καλεῖσθαι.

100 2168 123 2204 ²)
145 2168 298 2200 Damaso.
320 2170 446 2208 quaest.
470 2180 503 2211 p.
525 2172 597 2205 381.

100 2210 123 2250 ³)
145 2210 243 2249 Hym.
266 2209 369 2249 Orph.
391 2210 446 2243 XI.
470 2214 518 2243 10.
570 2212 679 2244 Proel.
699 2211 737 2243 in
758 2211 845 2242 Tim.
865 2210 921 2242 111.
944 2220 977 2251 p.
1001 2211 1069 2242 137.
1117 2210 1208 2241 Haec
1235 2208 1403 2242 sententia
1433 2210 1613 2250 praecipue

140 2250 230 2290 apud
251 2251 392 2282 Latinos
413 2252 611 2292 posterioris
630 2252 795 2293 temporis
815 2251 959 2284 valuisse
979 2250 1123 2290 videtur,
1145 2251 1203 2291 qui
1223 2250 1424 2283 vocabulum
1447 2250 1612 2283 Graecum

139 2294 212 2330 ἷόλη,
243 2291 338 2332 quasi
358 2292 502 2332 primam
525 2294 721 2334 materiam,
743 2295 778 2325 et
797 2296 876 2326 θεόν
896 2295 1021 2331 ὑλικόν,
1047 2294 1086 2324 ut
1105 2292 1251 2333 Panem,
1277 2293 1430 2324 Faunum
1452 2292 1612 2333 aliosque,

139 2333 232 2373 quasi
255 2333 336 2365 deos
357 2336 567 2376 materiales,
603 2336 673 2367 sive
704 2345 839 2367 omnem
867 2336 1024 2366 naturam
1056 2333 1269 2366 continentes
1288 2333 1611 2374 interpretabantur.

139 2375 180 2405 ef.
203 2374 293 2406 Serv.
314 2375 358 2406 ad
382 2375 480 2418 Verg.
502 2378 586 2412 Aen.
607 2378 692 2409 VIII.
714 2378 785 2409 600.
806 2376 851 2408 ad
871 2376 971 2417 Verg.
993 2376 1111 2417 Eclog.
1133 2376 1173 2408 II.
1195 2377 1245 2410 34.
1270 2375 1360 2416 hym.
1383 2374 1485 2417 Orph.
1513 2377 1540 2408 1.
1561 2376 1610 2407 14.

137 2416 251 2447 Latini
271 2417 379 2458 igitur
401 2418 538 2451 omnino
560 2430 637 2451 cum
659 2418 827 2451 sententia
847 2418 965 2459 hymni
986 2417 1124 2459 Orphici
1144 2417 1200 2449 XI.
1224 2420 1252 2450 1.
1275 2417 1497 2450 conveniunt:

375 2463 461 2492 Πᾶνα
481 2464 564 2493 καλῶ
584 2466 714 2500 κυσμοΐο
735 2464 769 2492 τό
793 2464 925 2500 σύμπαν.

134 2499 174 2531 cf.
198 2499 335 2531 Cornut.
360 2500 391 2532 d.
413 2504 482 2533 nat.
506 2502 598 2534 deor.
618 2502 750 2534 XXVII.

94 2540 117 2581 ⁴)
138 2541 289 2576 Macrob.
313 2541 448 2576 Saturn.
469 2544 492 2576 Ι,
508 2546 555 2576 17.
567 2546 595 2575 4.
630 2544 805 2576 »Diversae
825 2542 969 2575 virtutes
990 2543 1068 2576 solis
1089 2543 1228 2575 nomina
1249 2541 1300 2574 dis
1322 2542 1498 2581 dederunt,
1517 2540 1607 2574 unde

134 2585 170 2614 τό
193 2588 256 2616 πᾶν
277 2593 313 2615 sa
338 2582 466 2616 ienturn
488 2586 657 2627 principes
678 2584 931 2627 prodiderunt«
955 2583 997 2617 cf.
1021 2588 1048 2618 1.
1070 2586 1120 2617 22.

92 2624 117 2665 ⁶)
138 2623 244 2656 Varro
267 2625 298 2657 d.
313 2593 402 2666 Ying.
424 2626 498 2659 Lat.
519 2628 604 2659 vm.
624 2637 658 2668 p.
679 2629 751 2659 323.
790 2626 913 2659 Justin.
934 2626 1081 2659 XXXIII.
1104 2629 1131 2659 1.
1152 2628 1185 2659 8.
1226 2626 1340 2658 Aurel.
1362 2625 1491 2674 Victor.
1513 2624 1606 2666 Orig.

132 2667 224 2738 gapt.
246 2666 342 2698 Rom.
363 2668 394 2698 5.
440 2668 603 2709 »Faunus,
623 2669 744 2709 inquit,
766 2677 868 2715 quem
888 2677 909 2699 a
930 2667 1032 2700 fando
1056 2668 1186 2717 dict-um
1205 2667 1336 2708 volunt,
1357 2666 1449 2740 qaod
1468 2676 1498 2699 ιε
1518 2666 1605 2700 solet

132 2709 1281 2800 q„&gapffifflfiff§.35¹35353„33³sszttssegtgussggffissssssnss⁰g²
1289 2708 1604 2795 ἔξὲὶῑιέιῗυῗῖῗῖἔ

129 2791 270 2822 busdam
294 2792 446 2825 derivata
467 2794 599 2835 saepius
619 2804 818 2826 invenimus.

87 2832 110 2874 ⁶)
134 2832 231 2874 Verg.
253 2834 335 2866 Aen.
348 2833 417 2866 VII.
432 2837 500 2868 170.
534 2834 628 2868 Ovid.
641 2835 778 2868 Metam.
789 2835 872 2867 XIV.
883 2835 955 2866 313.
977 2833 1226 2869 SuetonNitel.
1239 2834 1263 2866 L
1289 2832 1415 2867 Gellius
1424 2834 1516 2867 noct.
1529 2832 1601 2866 Att.
