1731 2980
917 0 934 17 l

745 31 995 67 -10—

86 132 153 168 aut
205 131 311 168 ostea
343 141 391 167 ex
425 129 503 167 alia
533 128 700 177 quadam
732 127 915 177 religione
948 128 988 166 in
1012 128 1212 168 Graeciam
1236 129 1419 180 migrasse
1446 133 1593 179 putent.
1611 133 1641 182 ³)

86 143 203 231 ApudJ
227 178 454 220 Strabonem
480 191 569 218 vero
594 177 640 217 X.
668 191 705 229 p.
737 180 806 217 471
835 178 1088 228 fragmentum
1119 177 1279 219 Hesiodi
1310 192 1358 219 ex
1390 181 1642 230 temporasvm-

86 233 191 269 certo
217 231 398 282 legimus:
431 230 497 267 καὶ
530 233 638 278 γένος
672 227 890 267 οὐτιδανῶν
915 231 1106 279 Σατύρων
1128 229 1195 266 καὶ
1217 229 1557 281 ιήῑιηχοενυεργὼῗνςἱ
1576 232 1641 281 qui

85 280 214 331 Satyri
237 291 314 318 una
339 291 425 317 cum
448 277 634 329 Nymphis
657 290 684 316 a
708 277 876 327 quinque
899 277 1051 317 filiabus
1077 277 1179 316 filiae
1197 278 1382 318 Hecataei
1403 280 1486 319 nati
1499 279 1642 319 11101111-

83 332 158 369 tur.
216 329 432 368 Hecataeus
463 340 552 367 vero
584 328 662 367 sive
675 327 840 374 Ἕκατος
854 358 864 376 ,
890 327 1174 380 ξἙκατηβόλος,
1201 327 1418 380 Ἑκάεργος,
1444 329 1642 384 Ἐκήβυλος

87 391 131 418 00
184 392 294 418 0111011
319 379 506 428 Apollinis
531 380 607 426 est3
626 380 656 428 2)
682 380 798 426 atque
821 379 1073 427 fragmentum
1099 378 1150 416 ad
1173 374 1242 416 illa
1260 381 1435 428 tempora
1448 381 1641 429 peitinere

85 429 121 467 vi
150 430 246 476 etur,
271 428 409 478 quibus
434 428 652 478 conjunctio
668 426 857 477 quaedam
868 428 969 465 inter
979 426 1195 476 Apollinem
1209 427 1490 516 Dionsssumque
1511 430 1640 478 fiebat,

84 478 272 529 hujusque
297 478 422 517 cultus
446 477 568 528 magis
597 477 795 527 magisque
829 488 999 516 crescere
1032 478 1150 534 atque
1181 479 1223 516 in
1256 490 1309 527 pu
1336 476 1452 517 licum
1486 480 1640 529 prodire

85 531 275 578 coeperat.
335 529 377 567 Si
401 530 529 566 autem
554 528 681 577 Satyri
705 527 818 576 hujus
842 526 1046 576 fragmenti
1071 526 1188 565 i1dem
1212 529 1301 566 sunt
1321 530 1438 577 atque
1462 529 1509 576 ii,
1545 541 1641 578 quos

83 582 218 628 postea
248 590 363 628 saepe
399 579 712 616 commemoratos
744 576 918 626 filiosque
952 576 1072 616 Sileni·
1101 579 1256 616 vocatos
1289 589 1371 616 esse
1407 578 1586 628 legimus,
1610 580 1639 629 ³)

83 627 981 726 {ffiffirffitnh{iussffssffinssassiffessfflss
1002 627 1639 726 ΞῖζιῗέῗῖεὲεΗῗθὲἑὲἓζὲἲῇἮΞ

82 728 243 776 Silenus,
269 691 368 775 Pan),r
391 708 518 777 S'atyri
544 708 753 776 Dio'nysum
777 707 927 776 semper
949 727 989 765 in
1014 726 1215 765 itineribus
1238 692 1574 779 prosequantairffi)

181 778 300 816 Extat
323 780 524 827 praeterea
547 777 649 815 inter
673 776 844 825 hymnos,
873 788 968 826 quos
992 776 1149 814 Homeri
1173 776 1369 826 appellare
1394 778 1528 826 solent,
1556 790 1638 817 car-

79 839 167 865 men
192 827 232 865 in
258 827 418 875 Panem,
443 827 483 865 in
509 839 596 877 quo,
622 826 761 875 quibus
783 826 1007 876 parentibus
1031 828 1145 864 natus
1173 827 1241 874 sit,
1267 839 1348 876 qua·
1367 828 1490 866 forma
1514 829 1637 867 excel-

80 877 155 924 lat,
191 877 363 916 versibus
388 877 505 928 epicis
530 875 770 914 describitur.
829 876 1044 915 Secundum
1076 875 1178 913 hunc
1201 875 1381 926 hymnum
1404 879 1532 915 autem
1556 878 1634 917 Pan

78 926 119 965 in
143 927 311 966 Arcadia
338 930 452 966 natus
485 929 562 974 est,
603 927 652 976 (v.
681 927 757 976 30.)
794 928 910 976 atque
945 926 1150 976 praecipue
1174 925 1212 964 in
1238 926 1446 974 montibus,
1479 928 1638 977 rupibus

77 976 318 1027 vallibusque
341 979 526 1016 montium
549 977 734 1022 versatur,
759 977 807 1026 (v.
835 979 869 1014 8.
890 977 963 1025 10.)
989 987 1087 1032 quae
1110 975 1353 1024 perambulat
1377 979 1507 1039 θῆρας
1533 978 1634 1017 ἐναί-

79 1040 168 1073 ρων.
197 1028 246 1076 (v.
279 1029 353 1075 13.)
405 1026 515 1072 Quod
540 1026 591 1063 ad
616 1025 697 1074 ejus
727 1024 888 1063 formam
921 1026 1106 1074 pertinet,
1140 1026 1255 1074 poeta
1291 1037 1379 1063 eum
1413 1027 1633 1078 αιγιπόδην,

78 1075 284 1125 δικέρωτα,
319 1076 367 1125 (v.
395 1077 447 1125 2.)
472 1075 753 1125 ἀγλαέθειρον,
789 1076 839 1123 (v.
867 1074 917 1124 5.)
943 1073 1171 1126 αὐχμήεντα
1197 1076 1245 1120 (v.
1274 1075 1325 1124 6.)
1351 1076 1544 1123 nominat,
1569 1077 1635 1126 qui

77 1125 216 1176 λαῖφος
242 1125 311 1164 ἐπὶ
334 1126 441 1164 νῶτα
466 1124 655 1176 δαφοινόν
680 1124 817 1174 λυγκός
843 1126 891 1174 (v.
920 1124 996 1173 23.)
1023 1126 1157 1174 gestat.
1200 1124 1326 1163 Etiam
1349 1124 1446 1164 illud
1473 1137 1635 1164 comme·

76 1178 264 1212 moratum
289 1175 468 1224 legimus,
507 1174 610 1223 quod
642 1186 779 1212 munus
803 1173 865 1211 dei
889 1173 1022 1221 fuerit,
1056 1174 1089 1211 si
1120 1176 1236 1223 poeta
1257 1186 1343 1212 eum
1367 1177 1505 1224 νόμιον
1528 1178 1634 1214 θεόν

76 1224 264 1272 nominat,
298 1225 365 1274 qui
396 1225 435 1263 in
467 1224 627 1274 rupibus
658 1223 897 1274 vallibusque
927 1225 1086 1262 venetur
1118 1225 1250 1276 θῆρας
1273 1225 1449 1275 ἐναίρων.
1477 1227 1524 1276 (v,
1554 1227 1628 1275 13.)

75 1274 280 1312 Praeterea
304 1275 419 1312 etiam
452 1278 567 1312 cantu
599 1273 814 1311 delectatur
839 1277 887 1322 (v.
915 1275 989 1322 14.)
1024 1273 1210 1323 simulque
1242 1286 1328 1312 cum
1362 1286 1407 1313 eo
1439 1276 1628 1324 nymphae

75 1327 217 1361 canunt
243 1325 290 1374 (v.
319 1325 395 1373 20.)
422 1326 462 1361 at
490 1335 537 1361 ue
561 1324 643 1372 ipse
675 1325 755 1361 tam
780 1322 892 1360 dulce
923 1321 1053 1361 fistula
1086 1323 1207 1370 canit,
1245 1325 1290 1360 ut
1322 1322 1395 1362 οὐκ
1432 1323 1485 1363 ἄν
1515 1327 1629 1375 τόνγε

70 1388 135 1460 {12⁶²
137 1374 398 1472 ἰοὲῗῖῑῖἕὲᾆξῖ
409 1370 1289 1471 15311‘5531‘1‘1‘233'55131131312‘)ag¹1{‘³¹¹(³v‘¹¹¹{2effi2³3¹3
1313 1374 1448 1412 ⁰¹¹⁰r⁰s
1475 1375 1513 1412 ³¹¹
1539 1387 1626 1424 pra-

169 1471 305 1522 Itaque
337 1484 384 1509 ex
418 1471 558 1521 hymno
592 1471 794 1510 Homerico
829 1471 910 1509 Pan
945 1482 1022 1509 non
1058 1471 1180 1509 solum
1206 1470 1300 1509 deus
1323 1473 1519 1520 pastorum
1544 1484 1626 1511 esse

68 1521 237 1568 videtur,
278 1521 347 1560 sed
378 1521 583 1570 qualitates
612 1521 943 1577 proprietatesque
973 1532 1067 1569 prae
1098 1533 1139 1558 se
1163 1520 1258 1567 fert,
1292 1533 1391 1570 quae
1416 1534 1462 1559 ex
1487 1524 1625 1560 natura

68 1570 150 1618 ejus
175 1570 302 1617 solari,
329 1570 381 1608 ad
408 1582 522 1618 quam
547 1571 662 1608 etiam
686 1569 783 1607 1llud
807 1570 904 1614 ὀξέα
929 1570 1160 1619 δερκόμενος
1186 1571 1234 1619 (v.
1254 1573 1328 1620 14.)
1354 1572 1470 1619 atque
1482 1571 1622 1621 λαῖφος

68 1620 261 1670 δαφοινόν
286 1622 334 1670 (v,
362 1622 437 1664 23.)
465 1621 624 1669 spectat,
650 1630 720 1657 sua
744 1621 878 1668 sponte
901 1619 1082 1669 prosequi
1107 1618 1293 1658 videntur.

168 1670 245 1708 Sed
270 1670 432 1720 hymnus
457 1669 558 1718 ipse,
593 1681 669 1718 quo
693 1671 864 1717 tempore
890 1671 995 1706 ortus
1019 1669 1090 1716 sit,
1125 1669 1351 1708 testimoniis
1374 1670 1532 1719 probari
1556 1684 1622 1709 ne-

67 1720 169 1767 quit,
195 1720 357 1757 formam
384 1721 512 1756 autem
535 1730 629 1767 prae
654 1729 695 1756 se
720 1718 820 1755 ferre
844 1717 1006 1764 videtur,
1032 1729 1109 1767 qua
1133 1730 1218 1756 eum
1244 1718 1399 1757 Homeri
1424 1732 1499 1757 non
1525 1732 1616 1768 esse,

66 1769 134 1806 sed
171 1768 222 1806 ad
258 1771 408 1818 tempus
444 1768 632 1817 posterius
666 1770 864 1805 cantorum
886 1766 1039 1805 illorum
1071 1767 1264 1816 epicorum
1288 1769 1496 1817 pertinere,
1531 1782 1620 1809 con-

65 1819 220 1856 cludere
243 1818 344 1856 licet.
395 1818 493 1855 Nam
520 1818 552 1855 si
576 1829 667 1855 vera
691 1819 750 1855 est
775 1817 994 1866 conjectura
1012 1817 1200 1866 quaedam
1215 1817 1415 1866 Welckeri,
1431 1820 1459 1869 ὁ)
1487 1832 1620 1858 secun-

63 1868 155 1905 dum
181 1880 296 1917 quam
319 1868 427 1905 locus
451 1867 625 1905 Eustath.
651 1867 692 1904 in
717 1866 763 1905 Il.
791 1870 823 1904 1.
851 1880 887 1915 p.
915 1869 948 1904 6.
976 1866 1078 1904 κατὰ
1102 1867 1174 1919 τήν
1205 1867 1420 1920 ἐξηκόστην
1453 1870 1620 1921 ἐνναέτην

60 1917 305 1967 Ὀλυμπιάδα
336 1917 542 1955 mutandus
576 1919 633 1955 est
665 1916 705 1954 in
729 1915 801 1968 τήν
826 1917 941 1968 ἕκτην
965 1914 991 1974 ἢ
1016 1916 1088 1970 τὴν
1113 1918 1279 1968 ἐννάτην
1302 1917 1487 1967 Dimum,-
1513 1918 1620 1969 hym-

60 1980 132 2006 nus
156 1968 196 2006 in
221 1969 254 2006 A
283 1967 456 2013 ollinem,
483 1967 550 2016 qui
583 1968 623 2005 in
650 1966 800 2015 hymnis
832 1966 1043 2005 Homencis
1067 1967 1276 2015 reperitur,
1317 1979 1417 2006 anno
1450 1972 1522 2007 754
1553 1972 1621 2007 aut

61 2020 132 2054 742
160 2029 193 2055 a.
222 1981 288 2054 GE.
315 2030 354 2056 n.
379 2017 544 2066 scriptus
578 2015 884 2065 compositusque
918 2027 998 2054 esse
1031 2016 1190 2054 videtur.
1252 2016 1385 2066 Neque
1417 2017 1474 2055 ita
1498 2019 1618 2057 multo

58 2068 145 2115 post
180 2068 327 2105 ceteros
353 2078 504 2116 quoque
529 2066 709 2116 hymnos,
744 2077 840 2114 quos
869 2064 999 2103 ferunt
1030 2065 1268 2112 Homericos,
1336 2066 1503 2106 onendos
1535 2080 1616 2108 esse

57 2119 162 2165 puto,
191 2117 257 2166 qui
281 2117 320 2155 in
347 2129 465 2155 annos
491 2116 539 2155 ab
568 2116 715 2166 Olymp.
744 2115 807 2154 VI.
834 2128 953 2165 usque
980 2115 1031 2154 ad
1058 2116 1206 2167 Olymp.
1223 2079 1385 2155 XXXX.
1411 2119 1617 2168 conscripti

55 2166 242 2204 videntur.
257 2167 287 2216 0)
340 2166 450 2212 Quod
475 2179 565 2204 vero
591 2165 642 2203 ad
667 2165 848 2215 hymnum
872 2166 912 2203 in
937 2166 1082 2204 Panem
1107 2166 1294 2214 pertinet,
1330 2178 1454 2215 pauca
1479 2167 1615 2207 afferre

55 2215 96 2302 1111
121 2216 246 2254 animo
272 2218 340 2264 est,
368 2228 465 2265 quae
489 2216 670 2263 fortasse,
698 2227 773 2264 quo
799 2215 884 2253 1000
910 2218 949 2253 et
977 2228 1052 2265 quo
1077 2218 1250 2265 tempore
1275 2218 1380 2255 ortus
1401 2216 1468 2265 sit,
1493 2219 1615 2268 magis

84 2268 329 2304 emonstrant.

458 2361 553 2369 —a

98 2415 119 2455 ι)
141 2414 333 2446 Schroeter.
353 2414 461 2454 Myth.
483 2414 516 2445 d.
538 2414 617 2445 Pan.
639 2423 671 2453 p.
697 2415 724 2447 1.
747 2412 829 2445 Voss
842 2412 946 2453 Myth.
969 2413 1025 2446 ΒΓ.
1046 2423 1080 2454 p.
1102 2414 1152 2445 78.
1174 2413 1311 2446 Preller.
1322 2414 1381 2448 Gr.
1401 2414 1506 2455 Myth.
1530 2417 1558 2448 1.
1579 2427 1610 2457 p.

134 2458 206 2490 277.
236 2456 278 2487 cf.
299 2460 486 2497 praeterea,
516 2465 600 2495 quae
621 2454 749 2485 Preller
768 2453 804 2485 in
826 2454 922 2486 Dem.
941 2465 973 2487 u.
994 2455 1151 2495 Perseph.
1174 2465 1206 2496 p.
1229 2457 1280 2489 20.
1302 2457 1353 2489 21.
1374 2456 1549 2497 praeclare
1569 2459 1612 2490 de

135 2498 278 2537 antiquo
302 2498 398 2529 cultu
416 2497 558 2538 profert.

93 2538 116 2581 ²)
138 2539 175 2570 Il.
198 2539 235 2571 V.
256 2540 327 2572 444.
349 2539 387 2571 11.
411 2541 438 2571 1.
460 2540 511 2571 75.
535 2537 624 2578 hym.
646 2537 678 2569 h.
702 2537 737 2569 in
758 2538 820 2579 Ap.
844 2538 913 2570 137.
935 2537 973 2570 Il.
998 2540 1024 2570 l.
1050 2538 1099 2569 14.
1131 2538 1260 2571 Preller
1282 2538 1337 2571 Gr.
1359 2538 1466 2580 Myth.
1491 2542 1517 2572 1.
1542 2542 1609 2573 181.

133 2581 300 2614 Welcker.
321 2581 496 2621 Nachtrag
516 2591 549 2620 p.
571 2581 642 2611 212.
664 2582 735 2611 not.

91 2623 114 2662 3)
136 2622 253 2664 Eurip.
275 2623 364 2665 Cycl.
387 2624 460 2655 268.
481 2624 554 2655 271.
576 2621 660 2653 Poll.
680 2621 735 2653 IV.
759 2623 807 2654 19.
830 2623 859 2655 4.
1613 2663 1616 2666 Α

89 2665 113 2707 ⁴)
133 2665 507 2739 Maffkoeheffelgtfmg‘
529 2664 674 2737 Hes.t2t8.
697 2675 728 2706 p.
750 2664 823 2697 289.
846 2665 958 2697 locum
981 2674 1023 2697 ex
1040 2664 1201 2707 Catalogo
1222 2666 1400 2708 receptum
1415 2673 1486 2699 esse
1507 2668 1609 2709 atque

89 2749 111 2783 ⁵)
130 2717 385 2789 ἲῶειέἕὲἑῗὲξ.
410 2717 667 2789 ὧὲἓῖῗεξῗὲὲ·

87 2791 110 2824 ¹⁵)
132 2790 233 2821 Plura
255 2790 297 2821 de
319 2790 369 2823 his
392 2791 523 2830 hymnis
546 2789 661 2831 epicis,
685 2790 728 2821 de
750 2798 867 2821 eorum
889 2791 1045 2831 tempore
1066 2791 1169 2831 atque
1191 2790 1416 2831 scriptoribus
1436 2790 1608 2824 inveniun-

128 2834 185 2864 tur
206 2833 297 2873 apud
319 2833 483 2865 Welcker.
527 2832 590 2873 Ep.
614 2832 701 2873 Cycl.
723 2842 754 2872 p.
778 2833 849 2864 408.
872 2843 894 2865 s.
917 2843 949 2873 p.
964 2834 1033 2866 250.
1048 2842 1075 2865 c.
1091 2832 1235 2865 n.Wolf.
1257 2832 1390 2874 Proleg.
1409 2843 1442 2873 p.
1454 2835 1524 2865 246.
1536 2832 1605 2863 266.
