1731 2980
737 22 961 57 —8—

70 120 364 166 declaravimus,
389 119 614 157 remansisse
622 140 633 164 -,
670 130 741 155 nec
766 130 922 167 possum
946 119 1037 168 quin
1064 119 1230 157 breviter
1257 120 1304 157 de
1329 120 1376 157 iis
1399 118 1625 158 mentionem

69 170 224 217 taciam,
272 180 389 218 quum
420 170 544 205 artam
585 167 691 205 illam
731 167 933 216 pristinam
966 169 1236 206 connexionem
1276 168 1473 207 clariorem
1513 169 1628 208 etiam

68 219 232 258 reddere
256 218 452 267 magisque
480 216 711 265 dilucidam,
737 217 777 255 in
802 218 937 266 aperto
961 216 1021 256 sit.

153 269 249 308 Nam
262 279 312 306 ne
326 267 451 306 dicam
463 266 537 304 hoc
561 267 646 305 loco
663 267 712 305 de
751 267 948 316 enealogia
970 266 1086 305 Panis
1103 266 1208 316 apud
1219 267 1493 316 Epimenidem,
1515 268 1542 315 ¹)
1570 271 1627 306 at-

98 331 147 357 ue
172 318 220 357 de
244 317 374 368 mytho
386 316 572 364 Heraclis,
600 317 667 366 qui
690 279 1033 367 sdlarequoddam
1048 328 1187 355 numen
1202 319 1465 366 repraesentat
1477 319 1516 356 et
1541 330 1626 356 cum

104 381 176 408 ane
200 368 333 406 intime
358 366 554 414 cohaeret,
575 367 604 416 2)
639 378 689 405 ne
714 366 840 405 dicam
874 366 923 405 de
957 367 1086 405 monte
1118 369 1332 416 Λάμπεια,
1364 368 1404 406 111
1436 380 1513 417 (1110
1546 368 1626 407 Pan

70 418 275 468 praecipue
310 416 508 455 colebatur
540 416 666 465 (Paus.
692 415 796 454 VIII.
826 419 886 454 24.
924 417 993 466 2.),
1027 417 1094 466 (1111
1126 429 1235 455 mons
1272 417 1388 455 etiam
1402 420 1544 467 ,etymo
1576 418 1627 456 ad

68 469 196 517 ignem
219 466 386 516 respicit,
413 468 529 522 atque
555 465 603 504 de
628 465 714 504 aliis
731 465 1001 516 hujuscemodi,
1027 478 1145 522 quum
1169 465 1245 504 alio
1270 466 1356 504 loco
1374 466 1423 505 de
1439 466 1499 505 his
1511 467 1628 506 verba

68 519 196 557 facere
221 518 260 555 in
289 516 415 555 animo
441 518 507 564 slt,
542 515 720 554 instituta
773 515 936 554 uaedam
968 527 1016 553 ex
1040 528 1125 564 ipso
1150 516 1382 556 Graecorum
1408 516 1513 554 cultu
1537 529 1626 565 pro-

66 567 207 614 feram,
245 577 343 615 quae
368 577 499 603 verum
525 576 625 612 esse,
666 528 773 614 quod
796 564 991 613 contendi,
1025 565 1118 604 satis
1153 566 1387 604 confirment.
1449 566 1627 615 Legimus

70 617 169 655 enim
203 617 244 654 in
278 615 422 665 templo
455 614 571 653 Panis
604 615 731 663 ignem
754 616 982 664 perpetuum
1007 626 1211 653 accensum
1236 627 1335 663 esse,
1351 616 1380 666 ³)
1404 615 1446 656 in
1471 615 1627 665 ejusque

68 667 252 706 honorem
290 677 441 703 cursum
475 676 561 702 cum
592 664 741 703 facibus
771 664 995 703 institutum.
1056 664 1194 704 Omnia
1223 667 1352 703 autem
1375 665 1550 714 numina,
1585 666 1625 704 in

68 729 231 766 quorum
254 715 438 754 honorem
460 714 574 752 tedae
597 714 777 801 facesque
800 714 1071 762 incenduntur,
1105 716 1149 752 ut
1173 714 1340 762 Athene,
1367 715 1625 763 Prometheus,

69 766 252 812 Artemis,
278 765 468 814 Dionysus
493 764 603 813 quasi
653 776 702 801 uo
732 764 822 802 dam
850 764 979 802 lumen
1003 766 1293 813 repraesentant
1317 767 1386 802 aut
1409 765 1626 804 hominibus

66 817 190 853 lucem
215 814 447 853 obtulerunt.
464 814 495 862 ¹⁶)
548 813 630 858 Quo
684 813 839 862 quidem
862 825 1092 863 magnopere
1119 813 1381 861 confirmatur,
1415 814 1449 852 si
1481 814 1625 853 Panem

67 877 154 903 cum
178 864 408 903 Prometheo
444 863 688 913 conjunctum
711 862 940 910 invenimus,
974 863 1040 913 qui
1073 863 1220 912 primus
1252 862 1468 902 hominibus
1498 864 1626 914 ignem

64 917 220 965 raptum
246 913 377 952 attulit
401 914 518 962 atque
544 925 590 950 ea
615 912 663 950 de
689 925 805 951 causa
831 913 985 951 Lucifer
1008 912 1287 952 nominabatur.
1309 913 1337 963 5)

169 964 290 1003 Sicuti
313 975 403 1001 vero
430 962 678 1000 Prometheus
701 965 879 1000 naturam
902 962 1001 1012 ignis
1024 964 1304 1011 repraesentat,
1331 962 1386 1001 sic
1411 963 1527 1001 etiam
1552 963 1624 1001 Pae

65 1026 153 1053 nem
193 1025 333 1052 numen
370 1011 565 1063 quoddam
599 1012 723 1051 solare
754 1012 870 1051 fuisse
915 1014 1073 1063 propter
1113 1014 1238 1051 artum
1278 1024 1364 1051 cum
1396 1012 1623 1052 Prometheo

64 1077 206 1103 nexum
238 1076 315 1102 non
349 1066 409 1101 est
439 1075 507 1100 cur
537 1062 765 1100 dubitemus.
822 1063 889 1101 Sin
919 1065 1120 1111 praeterea
1144 1063 1248 1111 quod
1271 1062 1499 1101 Plutarchus
1524 1076 1623 1102 com-

64 1115 262 1160 memorat,
280 1113 310 1160 0)
336 1112 539 1150 Paniscum
564 1112 777 1161 quemdam,
802 1111 1204 1161 ignemaPrometheo
1216 1113 1380 1161 raptum,
1407 1112 1624 1162 amplexum

64 1176 164 1210 esse,
198 1161 498 1208 consideramus,
533 1174 623 1202 ,non
660 1173 860 1210 possumus
900 1162 992 1211 quin
1022 1161 1131 1200 illum
1166 1161 1369 1200 Paniscum
1398 1162 1625 1201 elementum

66 1213 176 1262 quasi
203 1213 405 1261 cognatum
430 1210 669 1259 complexum
694 1223 794 1258 esse,
822 1213 1008 1259 putemus.
1246 1254 1249 1262 .

165 1262 372 1299 Praeterea
401 1260 516 1298 etiam
546 1260 586 1297 in
618 1260 761 1308 templo
795 1260 901 1297 ‚lovis
932 1259 1072 1309 Lycaei
1109 1258 1273 1309 effigiem
1309 1259 1425 1298 Panis
1440 1262 1469 1309 ⁷)
1507 1263 1623 1310 atque

64 1312 215 1361 Lycoae
239 1310 279 1348 in
305 1309 422 1356 urbe,
447 1309 488 1347 in
514 1321 590 1358 qua
615 1310 821 1359 praecipue
845 1309 976 1347 fistula
1001 1309 1180 1356 canebat,
1205 1309 1350 1358 templa
1376 1309 1456 1359 ejus
1479 1311 1623 1349 inveni-

63 1373 158 1399 mus.
173 1360 203 1410 8)
255 1359 454 1398 Vocabula
486 1370 576 1396 vero
607 1359 721 1403 λύκος
757 1361 796 1396 et
829 1359 926 1410 λύκη
959 1358 1105 1396 initime
1137 1371 1224 1396 cum
1255 1358 1345 1397 solis
1370 1360 1447 1397 sive
1471 1360 1624 1398 luminis

63 1410 169 1449 cultu
195 1409 410 1457 cohaerent,
438 1407 542 1457 quod
567 1410 606 1446 et
629 1407 759 1446 multis
784 1408 1015 1447 Graecorum
1040 1408 1268 1458 scriptorum
1292 1408 1516 1448 testimoniis
1529 1410 1558 1460 ⁹)
1585 1412 1624 1448 et

62 1461 137 1499 hoc
163 1459 380 1498 confirmari
404 1460 543 1508 potest,
571 1458 674 1508 quod
700 1460 739 1496 et
762 1458 860 1497 Zeus
885 1460 924 1496 et
946 1458 1084 1508 Apollo
1111 1461 1282 1504 Λυκαῖος
1307 1459 1424 1498 latine
1445 1460 1623 1498 Lucetius

61 1511 315 1549 nominantur.
334 1509 378 1558 ¹⁰)

107 1659 127 1698 ¹)
151 1657 262 1689 Schol.
284 1655 425 1687 Theocr.
452 1657 477 1686 l.
500 1656 529 1689 3.
552 1657 747 1694 Ἐπιμενίδης
769 1657 803 1686 δὲ
824 1657 857 1687 ἐν
875 1660 940 1691 τοῖς
961 1658 1130 1694 ποιήμασιν
1150 1657 1244 1687 αὐτοῦ
1266 1658 1338 1692 Διὸς
1360 1659 1408 1687 καὶ
1436 1660 1622 1693 Ram-lorove

145 1701 244 1737 (Πᾶνα
266 1696 343 1730 εἶναι
365 1697 465 1737 λέγει).

101 1741 124 1780 2)
147 1740 254 1772 Procl.
278 1739 321 1770 ad
342 1739 420 1771 Hes.
442 1749 474 1779 p.
500 1739 569 1770 168.

101 1783 124 1822 ³)
146 1782 243 1813 Paus.
265 1781 352 1813 VIII.
374 1782 425 1811 37.
447 1781 477 1810 8.
499 1779 540 1810 cf.
563 1779 602 1811 V.
627 1780 673 1810 15.
730 1778 855 1810 Herod.
884 1779 939 1810 VI.
963 1780 1033 1811 105.
1086 1779 1125 1810 In
1157 1780 1303 1812 nummis
1335 1780 1466 1820 saepius
1495 1781 1621 1813 Panem

141 1823 249 1855 facem
272 1821 476 1863 gestientem
497 1819 697 1852 invenimus.
724 1819 764 1852 cf.
787 1819 948 1852 Gerhard.
969 1820 1056 1862 Hyp.
1077 1820 1196 1856 Roem.
1217 1820 1310 1853 Stud.
1329 1821 1369 1855 H.
1388 1831 1422 1863 p.
1443 1823 1513 1855 102.
1525 1833 1558 1856 n.
1570 1825 1620 1854 52.

100 1866 124 1907 ⁴)
147 1865 197 1897 De
218 1867 478 1905 λαμπαδοδρομία
501 1863 637 1904 ejusque
668 1861 846 1894 inventore
869 1862 910 1894 cf.
931 1862 1054 1904 Hygin.
1076 1862 1111 1894 P.
1132 1863 1172 1895 A.
1192 1863 1233 1896 H.
1256 1865 1305 1896 15.
1330 1863 1373 1895 de
1394 1864 1497 1896 modo
1519 1866 1621 1905 atque

140 1906 273 1938 ratione
296 1907 331 1936 et
353 1915 419 1944 quo
442 1905 518 1935 loco
540 1904 631 1934 facta
652 1903 714 1942 sit,
744 1903 917 1944 Aristoph.
937 1903 1022 1935 Ran.
1044 1905 1136 1936 1089.
1174 1904 1272 1936 Plato
1295 1905 1337 1936 de
1357 1906 1477 1945 repub.
1502 1909 1528 1936 1.
1550 1907 1620 1939 328.

140 1949 180 1979 A.
202 1947 239 1979 B.
280 1946 421 1978 Photius
442 1945 497 1976 lex
526 1956 551 1976 s.
573 1955 604 1976 v.
635 1947 775 1983 λαμπάς;
810 1945 853 1976 (10
875 1944 958 1986 diis,
991 1947 1024 1978 in
1053 1955 1196 1986 quorum
1218 1945 1384 1977 honorem
1408 1956 1522 1979 cursus
1544 1957 1620 1978 cum

140 1988 270 2021 facibus
290 1987 426 2020 habitus
448 1987 501 2028 sit,
523 1986 680 2020 Welcker
701 1985 782 2018 Tril.
804 1996 837 2028 p.
861 1988 930 2019 121.
952 1997 984 2019 n.
1008 1988 1079 2020 150.
1121 1986 1249 2020 Biickh.
1269 1987 1474 2021 Staatshaus.
1499 1991 1526 2021 1.
1548 1990 1620 2024 496.

99 2033 123 2073 ⁵)
145 2031 264 2071 Eurip.
285 2030 411 2061 Phoen.
435 2030 525 2060 1137.
566 2028 721 2060 Pertinet
752 2027 818 2061 huc
853 2038 1005 2069 quoque,
1037 2029 1066 2061 si
1093 2029 1220 2061 Panem
1250 2039 1327 2061 cum
1360 2029 1553 2070 Hephaesto
1584 2030 1620 2061 in

139 2069 1005 2147 35332253‘1'152310323stiffi?{mittat}
1017 2070 1214 2146 ιῖἓζὲἲίῗῗ
1215 2070 1483 2146 ’1131)ῗὲΚὲἕὲ
1485 2074 1619 2146 Ηὲῂιῖιῖῑ

141 2159 177 2189 et
197 2156 342 2188 Selenen
362 2154 468 2190 vehit.
490 2153 647 2186 wacker
668 2152 725 2185 Gr.
777 2122 890 2196 ase‘xlg.
913 2154 996 2187 Tab.
1017 2154 1058 2187 x.
1083 2122 1225 2196 et’ting‘.1
1237 2155 1330 2188 1851.

98 2198 123 2240 ⁶)
144 2198 233 2231 Plut.
256 2197 299 2229 de
320 2206 393 2237 cap.
416 2205 458 2228 ex
478 2195 559 2228 hist.
581 2196 630 2227 ut.
652 2205 686 2236 p.
708 2196 759 2227 86.
801 2195 1022 2229 Prometheus
1042 2196 1065 2228 1.
1088 2206 1116 2229 c.
1139 2195 1318 2229 Paniscum
1345 2205 1390 2228 ne
1409 2196 1526 2238 ignem
1547 2198 1620 2229 tan-

100 2282 122 2320 7)
165 2241 211 2281 at,
234 2239 433 2312 essiffaglsr
445 2237 585 2301 ‘'verbist
609 2240 720 2278 τράγος
740 2240 858 2277 γένειον
879 2233 936 2280 ἆρα
957 2241 1125 2279 πενθήσεις
1147 2241 1186 2270 σύ
1205 2251 1247 2278 γε.

172 2292 240 2314 aus.
342 2303 350 2312 .
415 2303 423 2311 .
444 2300 475 2310 ...

100 2323 123 2361 ⁸)
145 2324 240 2355 Paus.
262 2321 347 2354 VIH.
369 2322 420 2352 36.
443 2322 473 2351 5.

98 2364 122 2406 ⁹)
142 2364 230 2398 Plat.
252 2363 295 2396 de
316 2372 353 2395 re
378 2362 434 2395 ub.
456 2361 542 2395 VIII.
566 2362 616 2396 15.
637 2371 671 2403 p.
693 2362 765 2394 565.
794 2364 829 2395 et
857 2362 968 2396 Minos
989 2373 1024 2404 p.
1045 2363 1116 2396 315.
1158 2362 1352 2396 Callimach.
1374 2362 1465 2405 hym.
1486 2363 1521 2396 in
1543 2363 1618 2396 Jov.

138 2409 168 2440 4.
189 2407 332 2479 Ρ1111.611.
378 2428 386 2436 .
405 2404 461 2436 XI.
483 2406 534 2436 37.
555 2405 607 2435 55.
640 2404 794 2437 Eustath.
816 2404 861 2437 ad
881 2405 981 2440 Hom.
1004 2404 1121 2446 odyss.
1138 2404 1222 2437 XIV.
1245 2406 1315 2437 161.
1335 2405 1486 2438 Macrob.
1507 2406 1618 2438 Satur.

85 2491 120 2532 ¹⁰)
141 2491 193 2523 De
225 2473 311 2522 jove
343 2487 484 2520 Lucetio
517 2486 558 2519 cf.
590 2487 747 2519 Welcker
776 2487 832 2521 Gr.
862 2487 1005 2520 Gfitterl.
1027 2489 1055 2520 1.
1077 2489 1149 2520 210.
1172 2488 1214 2520 de
1233 2488 1393 2537 Apolline
1413 2489 1554 2521 Lucetio
1577 2488 1619 2521 cf.

137 2532 296 2566 Welcker
317 2531 340 2563 l.
362 2540 388 2563 0.
410 2540 442 2571 p.
464 2531 535 2562 576.
590 2529 713 2562 Jovem
733 2530 912 2563 Lucetium
934 2530 977 2562 ab
998 2528 1125 2563 Naevio
1146 2530 1183 2562 in
1202 2529 1299 2563 Iibns
1319 2530 1402 2563 belli
1422 2531 1542 2564 Punici
1562 2541 1619 2572 ap-

138 2574 305 2616 pellatum
327 2581 410 2612 esse,
432 2572 678 2604 commemorat
700 2571 828 2605 Gellius
848 2572 888 2605 V.
912 2574 961 2604 12.
982 2573 1013 2604 7.
1063 2572 1141 2604 Jam
1163 2572 1304 2612 antiquo
1325 2574 1482 2620 tempore
1503 2572 1618 2605 discri-

138 2626 218 2648 men
240 2615 333 2654 0101,
354 2614 470 2645 utrum
494 2618 630 2649 Λυκαῒος
653 2622 674 2643 0
695 2616 788 2649 λύκος
808 2614 916 2654 lupus,
937 2623 983 2645 an
1005 2623 1026 2644 a
1047 2616 1122 2653 λόκη
1142 2613 1313 2654 splendor,
1334 2613 1482 2645 derivari
1500 2613 1618 2654 possit.

138 2657 176 2691 Si
195 2655 380 2698 Sophocles
401 2654 511 2686 Elect.
534 2656 564 2687 6.
586 2654 781 2696 Apollinem
802 2658 992 2688 λυκόκτονον
1011 2657 1091 2687 θεόν
1111 2654 1276 2695 nominat,
1298 2654 1446 2695 etymolo
1476 2654 1541 2687 'am
1561 2664 1619 2687 vo·

139 2699 252 2732 cabuli
272 2702 409 2734 Λυκαῖος
430 2697 600 2737 sequitur,
623 2706 689 2737 qua
710 2697 753 2728 de
774 2697 940 2729 vocabulo
962 2699 1054 2732 λύκος
1075 2696 1174 2735 lupus
1196 2695 1378 2729 derivatur.
1400 2696 1440 2729 cf.
1487 2706 1557 2730 aus.
1576 2696 1617 2728 H.

136 2743 167 2774 9.
193 2742 223 2772 7.
265 2740 379 2772 Etiam
409 2738 557 2787 Artemis
590 2743 710 2770 Λυκαΐα
743 2738 943 2779 appellatur.
985 2738 1083 2770 Paus.
1103 2738 1144 2771 H.
1166 2740 1218 2771 31.
1239 2740 1269 2770 6.
1310 2738 1487 2779 Fortasse,
1508 2739 1548 2770 ut
1568 2737 1618 2769 ait

137 2781 319 2816 Pausanias
340 2791 360 2813 a
382 2781 479 2822 lupis,
501 2780 561 2813 sed
582 2780 692 2812 verius
714 2790 733 2812 a
754 2783 829 2820 λόκη
851 2780 1020 2821 splendor.
1064 2779 1162 2820 Quod
1182 2790 1263 2813 vero
1285 2780 1433 2813 Artemis
1454 2780 1524 2813 sive
1545 2778 1617 2811 Cal-

137 2825 218 2858 listo
241 2824 276 2856 in
297 2823 410 2855 forma
431 2822 602 2864 feminina,
624 2823 663 2853 ut
683 2822 732 2854 ita
755 2822 877 2865 dicam,
899 2822 1088 2855 Arcadibus
1111 2823 1194 2865 erat,
1215 2822 1251 2855 id
1274 2821 1344 2854 Pan
1365 2822 1402 2854 in
1422 2820 1616 2855 masculina.
