1731 2980
657 0 661 3 ¹
678 0 774 11 »vahan-:u
784 6 789 9 Α
824 6 828 8 Ἴ

729 51 978 89 -57-

79 143 145 193 ‘tur
169 146 327 197 Aether,
356 148 422 199 qui
475 149 594 188 luvias
619 150 830 189 contineret
854 161 993 201 easque
1017 150 1057 188 in
1082 151 1224 188 terram
1249 149 1470 188 effunderet.
1523 149 1636 190 Paus.

78 195 183 238 vm.
209 199 267 237 38.
294 201 328 237 3.
380 162 527 239 Sedpex
551 200 625 239 hoc
649 200 734 239 loco
759 200 968 242 Pausaniae
992 200 1107 239 etiam
1140 199 1237 238 illud
1274 201 1454 256 apparet,
1492 201 1635 240 cultum

0 240 9 248 ⁷
79 246 184 286 sevis
206 247 346 304 Lycaei
369 250 594 298 generalem,
618 250 685 306 qui
709 250 761 288 ad
784 262 913 289 omnes
932 251 1142 300 pertineret
1176 262 1253 287 non
1267 248 1394 296 fuisse,
1420 249 1490 287 sed
1505 263 1632 298 quum,

81 306 131 334 ne
156 306 241 346 qms
263 309 305 336 m
327 298 510 349 templum
534 298 615 349 ejus
637 298 899 349 mgr-ederetur
916 330 925 347 ,
958 299 1042 350 lege
1062 298 1300 356 prohibitum
1332 300 1450 347 esset,
1489 299 1632 339 cultum

80 345 206 396 ipsum
229 358 410 387 arcanum
432 348 492 387 vel
515 348 742 387 familiarum
765 349 996 399 singularum
1018 349 1132 388 fmsse
1155 350 1260 398 puto.

182 395 319 445 Quare,
344 398 448 447 quod
472 398 524 435 ad
545 399 730 437 rationem
751 399 851 437 inter
872 399 1004 438 Jovem
1027 400 1216 448 Lycaeum
1237 398 1455 447 Panemque
1471 398 1629 447 adtinet,

77 443 164 493 illa,
201 456 316 495 quam
346 458 463 496 supra
492 448 671 497 proposui
703 448 752 486 de
784 448 931 487 diverso
962 448 1063 486 inter
1095 448 1298 497 optimates
1328 449 1444 496 atque
1475 447 1627 496 plebem

80 493 186 532 cultu
210 495 463 545 amplexanda
486 497 671 536 sententia
683 500 752 547 est,
777 499 892 548 atque
905 497 1001 536 illud
1016 496 1268 545 statuendum,
1293 496 1427 536 Jovem
1436 497 1626 547 Lycaeum

77 550 264 583 summum
287 546 512 595 optimatum
535 546 647 585 deum
670 547 797 586 fuisse.
857 547 1041 593 Quoniam
1071 559 1161 586 vero
1184 559 1262 585 non
1285 546 1408 585 solum
1431 547 1528 585 Zeus
1550 549 1624 598 Ly-

79 603 210 641 caeus,
244 593 313 632 sed
345 596 460 633 etiam
483 595 564 633 Pan
586 596 663 633 vim
686 596 847 634 solarem
870 596 1051 645 explicet,
1084 597 1142 634 sol
1172 596 1255 645 ipse
1280 598 1407 633 autem
1433 596 1624 645 duplicem

75 641 153 680 vim
178 642 391 693 contineat,
443 644 578 683 rimum
600 647 645 683 ut
672 645 798 684 luceat
819 657 956 704 resque
981 657 1110 684 omnes
1134 645 1329 695 inspiciat,
1353 644 1552 696 lucemque
1575 646 1624 686 iis

75 691 279 741 praebeat,
313 693 372 750 ἀρ’
402 656 449 739 (ᾗ
481 696 525 733 ut
553 695 672 734 radiis
701 696 816 734 etiam
846 708 924 735 suis
947 696 1064 734 vitam
1089 695 1307 745 seminaque
1330 706 1458 734 rerum
1482 696 1622 744 eliciat,

78 742 306 798 contendere
324 755 406 793 Jam
426 743 533 791 licet,
565 747 716 793 postero
749 747 824 783 tem
854 757 920 783 ore
952 745 1052 782 hanc
1076 745 1151 782 vim
1175 744 1227 782 ad
1251 745 1394 782 Panem
1416 746 1623 795 praecipue

75 792 321 840 pertinuisse,
355 792 407 831 ad
430 792 561 832 Jovem
584 794 771 844 Lycaeum
797 794 805 802 '
838 806 912 832 am.
970 793 1052 831 Pan
1083 793 1201 843 igitur
1230 805 1397 832 summus
1426 796 1623 844 pastorum

74 839 275 927 θόθδίεᾳιιθ
299 842 454 881 minoris
477 843 618 883 ordinis
629 843 722 883 deus
733 844 848 884 fuisse
859 844 1025 890 videtur3
1050 844 1353 893 sententiamque
1364 843 1482 892 illam,
1507 857 1622 894 quam

34 904 37 906 ·
125 889 296 929 elckerus
320 892 468 930 Griech.
502 892 615 932 Gttrl.
640 906 678 942 p.
705 896 808 941 224„
839 893 986 942 profert
1009 892 1164 941 quidem
1179 921 1188 939 ‚
1217 892 1286 930 sed
1309 893 1461 931 omnino
1487 895 1623 932 confir-

77 950 182 978 mare
204 951 282 979 non
306 940 438 979 audet:

363 990 497 1030 Haben
520 991 601 1030 also
625 990 725 1030 wohl
748 990 915 1029 einzelne
930 990 1288 1038 Griechenstamme‚
1314 990 1492 1030 hirtliche
1515 993 1625 1031 Gott-

312 1039 438 1079 heiten
467 1040 546 1079 und.
577 1040 627 1079 da
658 1040 756 1089 Pan,
798 1040 947 1088 Helios,
984 1041 1122 1090 Apollo
1151 1043 1337 1092 Καρνεῖος
1361 1040 1498 1079 Hirten
1524 1043 1625 1081 &tter

313 1101 454 1178 ἔαῖἓω
482 1120 489 1127 .
512 1119 602 1177 hrt?
631 1120 638 1127 .
666 1090 740 1127 den
763 1089 895 1127 Helios
918 1091 1013 1128 statt
1037 1090 1112 1128 den
1136 1091 1234 1128 Zeus
1258 1089 1317 1127 als
1340 1089 1415 1128 den
1439 1090 1513 1129 hoc
1597 1104 1623 1129 n

348 1150 370 1178 o
425 1151 512 1178 vere

75 1186 1033 1297 {itqssffiffeffffifflsfim}{ffissuffiffiffiafffisstffi
1054 1188 1533 1297 33ῳῇἓὲᾞέᾞὲιὲ
1544 1190 1624 1298 ξξζῑ

77 1290 326 1346 tuqui-smmum
348 1289 478 1347 fiusse,
513 1299 674 1338 eumque
703 1289 855 1338 postero
887 1289 1059 1337 tempore
1090 1288 1175 1327 alus
1200 1289 1324 1347 cultus
1346 1289 1483 1347 formis·
1502 1301 1625 1340 magis

76 1338 880 1477 {affisttifffifflffffavffitssffisszffi
901 1337 1132 1425 sslffltffi
1148 1340 1256 1426 iffi
1277 1339 1511 1438 &omme
1532 1351 1624 1439 {⁶33

104 1449 128 1476 a
176 1449 373 1544 ffltffque
394 1468 523 1526 ‘cultus
547 1486 673 1534 Panis,
699 1497 812 1535 quem
835 1485 987 1536 Pelasgi
1004 1486 1087 1536 jam
1102 1486 1373 1536 antiquissimis
1386 1487 1622 1537 temporibus

75 1537 279 1585 habebant,
302 1549 342 1575 m
367 1536 462 1575 duas
512 1537 614 1578 artes
637 1535 779 1574 divisus
802 1536 878 1583 est3
906 1547 1068 1585 quarum
1091 1536 1213 1574 altera
1238 1536 1382 1575 cultum
1405 1537 1541 1585 Panis,
1564 1537 1621 1576 al-

74 1587 160 1625 tera
182 1585 304 1625 Fauni
328 1586 478 1625 contine
506 1587 556 1624 at.
613 1584 748 1624 Cultus
778 1585 906 1623 autem
938 1584 1053 1624 Panis
1082 1585 1289 1636 praecipue
1318 1585 1423 1637 apud
1436 1586 1621 1626 *Arcades

74 1639 191 1687 atque
222 1636 367 1675 Atticos
396 1637 597 1693 praeterea
627 1634 742 1672 etiam
764 1634 805 1672 in
827 1634 961 1674 insulis
984 1635 1153 1683 valebat,
1186 1638 1225 1673 et
1256 1647 1343 1674 cum
1368 1636 1492 1674 Fauni
1515 1637 1621 1679 cultu

73 1686 276 1724 maximam
298 1685 581 1724 simihtudinem
602 1683 748 1737 habuit.
806 1683 940 1733 Neque
970 1685 1095 1723 minus
1127 1696 1213 1723 cum
1238 1686 1510 1736 Aegyptiorum
1531 1686 1620 1724 reli-

73 1736 184 1785 gione
209 1734 466 1783 conveniebat,
491 1736 532 1772 et
555 1745 672 1784 quum
695 1734 849 1783 postero
871 1736 1045 1784 tempore
1068 1735 1109 1772 in
1133 1733 1234 1773 hanc
1248 1736 1392 1774 terram
1416 1735 1526 1792 quasi
1548 1736 1619 1774 ite-

71 1798 157 1824 rum
179 1785 438 1835 immigrasset,
461 1783 552 1823 inde
575 1783 646 1823 sub
670 1783 794 1822 forma
817 1782 983 1833 quadam
1005 1784 1160 1833 recenti,
1185 1796 1300 1834 quam
1312 1784 1470 1835 Orpluci
1494 1784 1619 1824 colue-

71 1837 171 1883 runt,
197 1835 321 1873 denuo
337 1834 551 1883 divulgatus
575 1835 644 1881 est,
668 1833 883 1883 multasque
905 1832 1057 1873 fabulas
1081 1834 1130 1872 de
1151 1834 1286 1873 ceteris
1299 1835 1516 1874 numinibus
1530 1847 1619 1874 nar—

71 1885 176 1924 ratas
199 1896 326 1923 secum
351 1883 547 1934 conjunxit
570 1884 687 1933 atque
712 1883 958 1931 consociavit3
983 1884 1040 1921 ita
1062 1885 1106 1921 ut
1130 1883 1316 1923 Macrobii
1340 1884 1419 1923 Sat.
1448 1887 1480 1923 l.
1509 1887 1565 1923 17.
1581 1888 1617 1924 4.

70 1934 267 1986 praeclare
290 1934 434 1973 dictum
458 1932 746 1983 comprobatum
769 1932 837 1971 sit:

408 1983 611 2022 »Diversae
634 1982 794 2021 virtutes
817 1983 909 2021 solis
938 1982 1092 2021 nomina
1115 1982 1175 2021 dis
1209 1982 1415 2032 dederunt,
1449 1984 1550 2023 unde
1575 1985 1619 2023 ἓν

308 2033 353 2071 τὸ
378 2033 462 2072 πᾶν
487 2032 701 2082 sapientum
723 2032 916 2082 principes
940 2032 1225 2081 prodiderunt«

613 2319 1072 2369 -ῶυὸθὶΘ-*ῢίῡδψν-
