<?xml version="1.0" encoding="UTF-8"?>
<!DOCTYPE html PUBLIC "-//W3C//DTD XHTML 1.0 Transitional//EN"
    "http://www.w3.org/TR/xhtml1/DTD/xhtml1-transitional.dtd">
<html xmlns="http://www.w3.org/1999/xhtml" xml:lang="en" lang="en">
 <head>
  <title>
</title>
<meta http-equiv="Content-Type" content="text/html;charset=utf-8" />
  <meta name='ocr-system' content='tesseract 3.04.00' />
  <meta name='ocr-capabilities' content='ocr_page ocr_carea ocr_par ocr_line ocrx_word'/>
</head>
<body>
  <div class='ocr_page' id='page_1' title='image "4737332_0038.png"; bbox 0 0 1731 2980; ppageno 0'>
   <div class='ocr_carea' id='block_1_1' title="bbox 180 0 1387 45">
    <p class='ocr_par' dir='ltr' id='par_1_1' title="bbox 180 0 1387 45">
     <span class='ocr_line' id='line_1_1' title="bbox 180 0 1387 45; baseline 0 2935"><span class='ocrx_word' id='word_1_1' title='bbox 180 0 1387 45; x_wconf 95' lang='lat' dir='ltr'> </span> 
     </span>
    </p>
   </div>
   <div class='ocr_carea' id='block_1_2' title="bbox 37 180 1623 2020">
    <p class='ocr_par' dir='ltr' id='par_1_2' title="bbox 62 180 1618 284">
     <span class='ocr_line' id='line_1_2' title="bbox 62 180 1618 233; baseline 0 -12"><span class='ocrx_word' id='word_1_2' title='bbox 62 181 219 231; x_wconf 54' lang='lat' dir='ltr'>potuim</span> <span class='ocrx_word' id='word_1_3' title='bbox 241 181 292 221; x_wconf 78' lang='lat' dir='ltr'>ad</span> <span class='ocrx_word' id='word_1_4' title='bbox 321 181 557 232; x_wconf 54' lang='lat' dir='ltr'>fontemsex·</span> <span class='ocrx_word' id='word_1_5' title='bbox 602 194 652 221; x_wconf 91' lang='lat' dir='ltr'>uo</span> <span class='ocrx_word' id='word_1_6' title='bbox 677 181 944 230; x_wconf 75' lang='lat' dir='ltr'><strong>emanaverint,</strong></span> <span class='ocrx_word' id='word_1_7' title='bbox 967 180 1153 220; x_wconf 85' lang='lat' dir='ltr'>reducere</span> <span class='ocrx_word' id='word_1_8' title='bbox 1184 182 1312 229; x_wconf 85' lang='lat' dir='ltr'>atque,</span> <span class='ocrx_word' id='word_1_9' title='bbox 1337 192 1435 231; x_wconf 81' lang='lat' dir='ltr'>quae</span> <span class='ocrx_word' id='word_1_10' title='bbox 1457 182 1504 220; x_wconf 90' lang='lat' dir='ltr'>iis</span> <span class='ocrx_word' id='word_1_11' title='bbox 1528 195 1618 233; x_wconf 85' lang='lat' dir='ltr'>sup-</span> 
     </span>
     <span class='ocr_line' id='line_1_3' title="bbox 62 194 894 284; baseline 0 -14"><span class='ocrx_word' id='word_1_12' title='bbox 62 230 190 282; x_wconf 76' lang='lat' dir='ltr'>posita</span> <span class='ocrx_word' id='word_1_13' title='bbox 207 232 262 273; x_wconf 79' lang='lat' dir='ltr'>,sit</span> <span class='ocrx_word' id='word_1_14' title='bbox 283 233 481 281; x_wconf 81' lang='lat' dir='ltr'>sententia,</span> <span class='ocrx_word' id='word_1_15' title='bbox 506 194 698 284; x_wconf 37' lang='lat' dir='ltr'>explicare</span> <span class='ocrx_word' id='word_1_16' title='bbox 721 230 894 270; x_wconf 78' lang='lat' dir='ltr'><strong>studebo.</strong></span> 
     </span>
    </p>

    <p class='ocr_par' dir='ltr' id='par_1_3' title="bbox 62 281 1618 470">
     <span class='ocr_line' id='line_1_4' title="bbox 97 281 1617 333; baseline 0 -12"><span class='ocrx_word' id='word_1_17' title='bbox 97 292 100 294; x_wconf 72' lang='grc'>’</span> <span class='ocrx_word' id='word_1_18' title='bbox 166 281 203 332; x_wconf 80' lang='grc'>1)</span> <span class='ocrx_word' id='word_1_19' title='bbox 229 282 388 321; x_wconf 83' lang='lat' dir='ltr'>Plurimi</span> <span class='ocrx_word' id='word_1_20' title='bbox 412 283 576 333; x_wconf 62' lang='lat' dir='ltr'>quidem⁴</span> <span class='ocrx_word' id='word_1_21' title='bbox 591 281 796 331; x_wconf 73' lang='lat' dir='ltr'><strong>scriptores</strong></span> <span class='ocrx_word' id='word_1_22' title='bbox 829 293 875 320; x_wconf 89' lang='lat' dir='ltr'>eo</span> <span class='ocrx_word' id='word_1_23' title='bbox 907 281 1150 329; x_wconf 89' lang='lat' dir='ltr'>conveniunt,</span> <span class='ocrx_word' id='word_1_24' title='bbox 1184 281 1289 331; x_wconf 90' lang='lat' dir='ltr'>quod</span> <span class='ocrx_word' id='word_1_25' title='bbox 1322 286 1469 332; x_wconf 85' lang='lat' dir='ltr'>patrem</span> <span class='ocrx_word' id='word_1_26' title='bbox 1500 282 1617 321; x_wconf 85' lang='lat' dir='ltr'>Panis</span> 
     </span>
     <span class='ocr_line' id='line_1_5' title="bbox 63 330 1616 382; baseline 0.001 -13"><span class='ocrx_word' id='word_1_27' title='bbox 63 330 281 373; x_wconf 73' lang='lat' dir='ltr'>Hermetem</span> <span class='ocrx_word' id='word_1_28' title='bbox 303 335 453 380; x_wconf 78' lang='lat' dir='ltr'>vocant,</span> <span class='ocrx_word' id='word_1_29' title='bbox 479 332 528 370; x_wconf 89' lang='lat' dir='ltr'>de</span> <span class='ocrx_word' id='word_1_30' title='bbox 552 333 676 369; x_wconf 82' lang='lat' dir='ltr'>matre</span> <span class='ocrx_word' id='word_1_31' title='bbox 700 342 791 368; x_wconf 85' lang='lat' dir='ltr'>vero</span> <span class='ocrx_word' id='word_1_32' title='bbox 803 330 1039 379; x_wconf 87' lang='lat' dir='ltr'>dissentiunt,</span> <span class='ocrx_word' id='word_1_33' title='bbox 1067 343 1182 381; x_wconf 91' lang='lat' dir='ltr'>quum</span> <span class='ocrx_word' id='word_1_34' title='bbox 1208 334 1363 381; x_wconf 77' lang='lat' dir='ltr'>praeter</span> <span class='ocrx_word' id='word_1_35' title='bbox 1375 332 1616 382; x_wconf 85' lang='lat' dir='ltr'>Penelopam,</span> 
     </span>
     <span class='ocr_line' id='line_1_6' title="bbox 63 380 1618 470; baseline 0 -50"><span class='ocrx_word' id='word_1_36' title='bbox 63 380 215 440; x_wconf 72' lang='lat' dir='ltr'>Dryops</span> <span class='ocrx_word' id='word_1_37' title='bbox 213 381 428 470; x_wconf 51' lang='grc' dir='ltr'>ᾐιιῃιῖιαθᾶαω</span> <span class='ocrx_word' id='word_1_38' title='bbox 452 380 621 433; x_wconf 75' lang='lat' dir='ltr'>nympha</span> <span class='ocrx_word' id='word_1_39' title='bbox 640 381 687 431; x_wconf 89' lang='lat'>¹),</span> <span class='ocrx_word' id='word_1_40' title='bbox 722 392 821 431; x_wconf 87' lang='lat' dir='ltr'>quae</span> <span class='ocrx_word' id='word_1_41' title='bbox 850 381 993 421; x_wconf 85' lang='lat' dir='ltr'>Panem</span> <span class='ocrx_word' id='word_1_42' title='bbox 1015 381 1231 433; x_wconf 84' lang='lat' dir='ltr'>pepererit,</span> <span class='ocrx_word' id='word_1_43' title='bbox 1248 381 1310 421; x_wconf 86' lang='lat' dir='ltr'>vel</span> <span class='ocrx_word' id='word_1_44' title='bbox 1334 381 1427 421; x_wconf 87' lang='lat' dir='ltr'>Sosa</span> <span class='ocrx_word' id='word_1_45' title='bbox 1448 382 1618 433; x_wconf 79' lang='lat' dir='ltr'><strong>nympha</strong></span> 
     </span>
     <span class='ocr_line' id='line_1_7' title="bbox 62 443 784 470; baseline 0 -1"><span class='ocrx_word' id='word_1_46' title='bbox 62 443 213 470; x_wconf 74' lang='lat' dir='ltr'>nonnae</span> <span class='ocrx_word' id='word_1_47' title='bbox 322 462 333 470; x_wconf 90' lang='lat'>.</span> <span class='ocrx_word' id='word_1_48' title='bbox 618 462 620 464; x_wconf 56' lang='grc'><strong>,</strong></span> <span class='ocrx_word' id='word_1_49' title='bbox 722 454 726 460; x_wconf 87' lang='lat'><em>-</em></span> <span class='ocrx_word' id='word_1_50' title='bbox 780 463 784 466; x_wconf 85' lang='lat'>.</span> 
     </span>
    </p>

    <p class='ocr_par' dir='ltr' id='par_1_4' title="bbox 61 434 1622 828">
     <span class='ocr_line' id='line_1_8' title="bbox 165 434 1617 529; baseline 0.001 -11"><span class='ocrx_word' id='word_1_51' title='bbox 165 434 368 529; x_wconf 46' lang='lat' dir='ltr'>Quaeram</span> <span class='ocrx_word' id='word_1_52' title='bbox 388 481 520 518; x_wconf 84' lang='lat' dir='ltr'>autem</span> <span class='ocrx_word' id='word_1_53' title='bbox 543 478 744 527; x_wconf 84' lang='lat' dir='ltr'>hocloco,</span> <span class='ocrx_word' id='word_1_54' title='bbox 785 480 869 529; x_wconf 89' lang='lat' dir='ltr'>quis</span> <span class='ocrx_word' id='word_1_55' title='bbox 893 480 945 518; x_wconf 89' lang='lat' dir='ltr'>sit</span> <span class='ocrx_word' id='word_1_56' title='bbox 968 492 1099 519; x_wconf 87' lang='lat' dir='ltr'>sensus</span> <span class='ocrx_word' id='word_1_57' title='bbox 1122 480 1296 528; x_wconf 83' lang='lat' dir='ltr'>fabulae,</span> <span class='ocrx_word' id='word_1_58' title='bbox 1323 491 1401 529; x_wconf 85' lang='lat' dir='ltr'>qua</span> <span class='ocrx_word' id='word_1_59' title='bbox 1425 479 1505 518; x_wconf 84' lang='lat' dir='ltr'>Pan</span> <span class='ocrx_word' id='word_1_60' title='bbox 1529 492 1617 520; x_wconf 87' lang='lat' dir='ltr'>cum</span> 
     </span>
     <span class='ocr_line' id='line_1_9' title="bbox 63 529 1616 581; baseline 0.001 -12"><span class='ocrx_word' id='word_1_61' title='bbox 63 529 244 570; x_wconf 81' lang='lat' dir='ltr'>Hei-mete</span> <span class='ocrx_word' id='word_1_62' title='bbox 266 532 347 570; x_wconf 85' lang='lat' dir='ltr'>tam</span> <span class='ocrx_word' id='word_1_63' title='bbox 370 530 477 568; x_wconf 74' lang='lat' dir='ltr'>arcte</span> <span class='ocrx_word' id='word_1_64' title='bbox 502 540 694 568; x_wconf 85' lang='lat' dir='ltr'>connexus</span> <span class='ocrx_word' id='word_1_65' title='bbox 724 531 801 578; x_wconf 87' lang='lat' dir='ltr'>est,</span> <span class='ocrx_word' id='word_1_66' title='bbox 833 532 877 569; x_wconf 88' lang='lat' dir='ltr'>ut</span> <span class='ocrx_word' id='word_1_67' title='bbox 901 529 952 569; x_wconf 86' lang='lat' dir='ltr'>ab</span> <span class='ocrx_word' id='word_1_68' title='bbox 977 542 1022 569; x_wconf 90' lang='lat' dir='ltr'>eo</span> <span class='ocrx_word' id='word_1_69' title='bbox 1047 530 1196 580; x_wconf 86' lang='lat' dir='ltr'>genitus</span> <span class='ocrx_word' id='word_1_70' title='bbox 1221 529 1383 569; x_wconf 85' lang='lat' dir='ltr'>dicatur.</span> <span class='ocrx_word' id='word_1_71' title='bbox 1435 529 1477 568; x_wconf 89' lang='lat' dir='ltr'>Si</span> <span class='ocrx_word' id='word_1_72' title='bbox 1498 532 1616 581; x_wconf 86' lang='lat' dir='ltr'>respi-</span> 
     </span>
     <span class='ocr_line' id='line_1_10' title="bbox 64 579 1616 634; baseline 0.001 -15"><span class='ocrx_word' id='word_1_73' title='bbox 64 580 184 619; x_wconf 83' lang='lat' dir='ltr'><strong>cimus</strong></span> <span class='ocrx_word' id='word_1_74' title='bbox 207 580 258 619; x_wconf 88' lang='lat' dir='ltr'>ad</span> <span class='ocrx_word' id='word_1_75' title='bbox 283 592 348 634; x_wconf 62' lang='lat' dir='ltr'>ea&gt;</span> <span class='ocrx_word' id='word_1_76' title='bbox 367 590 466 629; x_wconf 86' lang='lat' dir='ltr'>quae</span> <span class='ocrx_word' id='word_1_77' title='bbox 491 590 608 629; x_wconf 86' lang='lat' dir='ltr'>supra</span> <span class='ocrx_word' id='word_1_78' title='bbox 632 579 681 618; x_wconf 88' lang='lat' dir='ltr'>de</span> <span class='ocrx_word' id='word_1_79' title='bbox 696 579 811 618; x_wconf 85' lang='lat' dir='ltr'>Panis</span> <span class='ocrx_word' id='word_1_80' title='bbox 835 580 940 630; x_wconf 89' lang='lat' dir='ltr'>apud</span> <span class='ocrx_word' id='word_1_81' title='bbox 950 580 1158 630; x_wconf 85' lang='lat' dir='ltr'>Aegyptios</span> <span class='ocrx_word' id='word_1_82' title='bbox 1182 583 1324 618; x_wconf 85' lang='lat' dir='ltr'>natura</span> <span class='ocrx_word' id='word_1_83' title='bbox 1336 579 1510 627; x_wconf 85' lang='lat' dir='ltr'>diximus,</span> <span class='ocrx_word' id='word_1_84' title='bbox 1535 593 1616 620; x_wconf 83' lang='lat' dir='ltr'>esse</span> 
     </span>
     <span class='ocr_line' id='line_1_11' title="bbox 64 629 1616 686; baseline 0.001 -18"><span class='ocrx_word' id='word_1_85' title='bbox 64 642 150 668; x_wconf 88' lang='lat' dir='ltr'>eum</span> <span class='ocrx_word' id='word_1_86' title='bbox 174 630 284 680; x_wconf 86' lang='lat' dir='ltr'>quasi</span> <span class='ocrx_word' id='word_1_87' title='bbox 307 629 434 686; x_wconf 80' lang='lat' dir='ltr'>lumen</span> <span class='ocrx_word' id='word_1_88' title='bbox 459 629 652 678; x_wconf 81' lang='lat' dir='ltr'><strong>quoddam</strong></span> <span class='ocrx_word' id='word_1_89' title='bbox 675 629 925 679; x_wconf 84' lang='lat' dir='ltr'>primitivum,</span> <span class='ocrx_word' id='word_1_90' title='bbox 950 631 1054 680; x_wconf 92' lang='lat' dir='ltr'>quod</span> <span class='ocrx_word' id='word_1_91' title='bbox 1077 630 1223 668; x_wconf 85' lang='lat' dir='ltr'>semina</span> <span class='ocrx_word' id='word_1_92' title='bbox 1245 642 1375 668; x_wconf 87' lang='lat' dir='ltr'>rerum</span> <span class='ocrx_word' id='word_1_93' title='bbox 1398 629 1438 668; x_wconf 90' lang='lat' dir='ltr'>in</span> <span class='ocrx_word' id='word_1_94' title='bbox 1462 640 1503 666; x_wconf 89' lang='lat' dir='ltr'>se</span> <span class='ocrx_word' id='word_1_95' title='bbox 1529 642 1616 669; x_wconf 87' lang='lat' dir='ltr'>con—</span> 
     </span>
     <span class='ocr_line' id='line_1_12' title="bbox 61 678 1618 729; baseline 0.001 -11"><span class='ocrx_word' id='word_1_96' title='bbox 61 681 184 718; x_wconf 86' lang='lat' dir='ltr'>tineat</span> <span class='ocrx_word' id='word_1_97' title='bbox 213 691 335 729; x_wconf 85' lang='lat' dir='ltr'>eaque</span> <span class='ocrx_word' id='word_1_98' title='bbox 368 691 409 717; x_wconf 83' lang='lat'>111</span> <span class='ocrx_word' id='word_1_99' title='bbox 444 681 587 718; x_wconf 84' lang='lat' dir='ltr'>terram</span> <span class='ocrx_word' id='word_1_100' title='bbox 611 679 805 728; x_wconf 84' lang='lat' dir='ltr'>effundat,</span> <span class='ocrx_word' id='word_1_101' title='bbox 839 682 943 719; x_wconf 86' lang='lat' dir='ltr'>certe</span> <span class='ocrx_word' id='word_1_102' title='bbox 974 692 1051 718; x_wconf 93' lang='lat' dir='ltr'>non</span> <span class='ocrx_word' id='word_1_103' title='bbox 1076 680 1276 728; x_wconf 87' lang='lat' dir='ltr'>miramur,</span> <span class='ocrx_word' id='word_1_104' title='bbox 1312 691 1398 718; x_wconf 89' lang='lat' dir='ltr'>eum</span> <span class='ocrx_word' id='word_1_105' title='bbox 1429 678 1618 719; x_wconf 85' lang='lat' dir='ltr'>Hermetis</span> 
     </span>
     <span class='ocr_line' id='line_1_13' title="bbox 61 729 1620 779; baseline -0.001 -12"><span class='ocrx_word' id='word_1_106' title='bbox 61 729 184 767; x_wconf 88' lang='lat' dir='ltr'>filium</span> <span class='ocrx_word' id='word_1_107' title='bbox 207 729 347 776; x_wconf 81' lang='lat' dir='ltr'>vocari,</span> <span class='ocrx_word' id='word_1_108' title='bbox 375 729 440 778; x_wconf 87' lang='lat' dir='ltr'>qui</span> <span class='ocrx_word' id='word_1_109' title='bbox 464 729 504 766; x_wconf 89' lang='lat' dir='ltr'>in</span> <span class='ocrx_word' id='word_1_110' title='bbox 526 731 665 767; x_wconf 85' lang='lat' dir='ltr'>natura</span> <span class='ocrx_word' id='word_1_111' title='bbox 685 741 755 768; x_wconf 87' lang='lat' dir='ltr'>sua</span> <span class='ocrx_word' id='word_1_112' title='bbox 779 730 921 779; x_wconf 85' lang='lat' dir='ltr'>duplex</span> <span class='ocrx_word' id='word_1_113' title='bbox 945 742 1082 768; x_wconf 90' lang='lat' dir='ltr'>munus</span> <span class='ocrx_word' id='word_1_114' title='bbox 1106 730 1316 777; x_wconf 86' lang='lat' dir='ltr'>contineat,</span> <span class='ocrx_word' id='word_1_115' title='bbox 1341 729 1508 778; x_wconf 89' lang='lat' dir='ltr'>primum</span> <span class='ocrx_word' id='word_1_116' title='bbox 1538 730 1620 777; x_wconf 84' lang='lat' dir='ltr'>qui·</span> 
     </span>
     <span class='ocr_line' id='line_1_14' title="bbox 63 777 1622 828; baseline 0 -12"><span class='ocrx_word' id='word_1_117' title='bbox 63 778 151 817; x_wconf 90' lang='lat' dir='ltr'>dem</span> <span class='ocrx_word' id='word_1_118' title='bbox 174 779 219 816; x_wconf 86' lang='lat' dir='ltr'>ut</span> <span class='ocrx_word' id='word_1_119' title='bbox 243 778 300 816; x_wconf 90' lang='lat' dir='ltr'>ita</span> <span class='ocrx_word' id='word_1_120' title='bbox 319 777 448 816; x_wconf 71' lang='lat' dir='ltr'>‘dicam</span> <span class='ocrx_word' id='word_1_121' title='bbox 470 778 606 826; x_wconf 84' lang='lat' dir='ltr'>solare,</span> <span class='ocrx_word' id='word_1_122' title='bbox 631 791 707 828; x_wconf 93' lang='lat' dir='ltr'>quo</span> <span class='ocrx_word' id='word_1_123' title='bbox 730 790 794 817; x_wconf 86' lang='lat' dir='ltr'>res</span> <span class='ocrx_word' id='word_1_124' title='bbox 809 781 982 817; x_wconf 77' lang='lat' dir='ltr'>terrenas</span> <span class='ocrx_word' id='word_1_125' title='bbox 1005 781 1195 828; x_wconf 80' lang='lat' dir='ltr'>procreat,</span> <span class='ocrx_word' id='word_1_126' title='bbox 1209 779 1385 828; x_wconf 88' lang='lat' dir='ltr'>(Hermes</span> <span class='ocrx_word' id='word_1_127' title='bbox 1400 777 1622 827; x_wconf 84' lang='lat' dir='ltr'>ithyphalli-</span> 
     </span>
    </p>

    <p class='ocr_par' dir='ltr' id='par_1_5' title="bbox 37 827 1623 1175">
     <span class='ocr_line' id='line_1_15' title="bbox 37 827 1622 927; baseline 0 -12"><span class='ocrx_word' id='word_1_128' title='bbox 37 851 40 853; x_wconf 83' lang='grc'><strong>’</strong></span> <span class='ocrx_word' id='word_1_129' title='bbox 61 827 211 926; x_wconf 62' lang='lat' dir='ltr'>{2¹33ng</span> <span class='ocrx_word' id='word_1_130' title='bbox 228 828 625 927; x_wconf 46' lang='lat' dir='ltr'>&amp;tffluffififfifflffi</span> <span class='ocrx_word' id='word_1_131' title='bbox 639 840 1052 927; x_wconf 53' lang='grc' dir='ltr'>οέἶῖηέἳῖῗέἓθῖῖἓῗὲἶ</span> <span class='ocrx_word' id='word_1_132' title='bbox 1064 827 1622 925; x_wconf 53' lang='lat' dir='ltr'>{z’ffiffifflffiffisszssx</span> 
     </span>
     <span class='ocr_line' id='line_1_16' title="bbox 62 925 1621 976; baseline -0.001 -12"><span class='ocrx_word' id='word_1_133' title='bbox 62 927 150 964; x_wconf 80' lang='lat' dir='ltr'>dam</span> <span class='ocrx_word' id='word_1_134' title='bbox 175 927 328 964; x_wconf 79' lang='lat' dir='ltr'>terreno</span> <span class='ocrx_word' id='word_1_135' title='bbox 346 926 375 976; x_wconf 84' lang='lat'>⁵)</span> <span class='ocrx_word' id='word_1_136' title='bbox 410 927 513 976; x_wconf 85' lang='lat' dir='ltr'>(nam</span> <span class='ocrx_word' id='word_1_137' title='bbox 543 926 679 964; x_wconf 89' lang='lat' dir='ltr'>humor</span> <span class='ocrx_word' id='word_1_138' title='bbox 711 927 861 975; x_wconf 84' lang='lat' dir='ltr'>Dryops</span> <span class='ocrx_word' id='word_1_139' title='bbox 894 929 1011 975; x_wconf 87' lang='lat' dir='ltr'>atque</span> <span class='ocrx_word' id='word_1_140' title='bbox 1045 925 1237 975; x_wconf 88' lang='lat' dir='ltr'>Penelope</span> <span class='ocrx_word' id='word_1_141' title='bbox 1260 926 1511 975; x_wconf 80' lang='lat' dir='ltr'>intelligenda</span> <span class='ocrx_word' id='word_1_142' title='bbox 1535 928 1621 975; x_wconf 85' lang='lat' dir='ltr'>est),</span> 
     </span>
     <span class='ocr_line' id='line_1_17' title="bbox 60 974 1623 1026; baseline 0.001 -13"><span class='ocrx_word' id='word_1_143' title='bbox 60 976 228 1026; x_wconf 81' lang='lat' dir='ltr'>gignitur</span> <span class='ocrx_word' id='word_1_144' title='bbox 251 976 353 1024; x_wconf 82' lang='lat' dir='ltr'>Pan,</span> <span class='ocrx_word' id='word_1_145' title='bbox 395 976 461 1025; x_wconf 89' lang='lat' dir='ltr'>qui</span> <span class='ocrx_word' id='word_1_146' title='bbox 483 977 622 1014; x_wconf 86' lang='lat' dir='ltr'>natura</span> <span class='ocrx_word' id='word_1_147' title='bbox 644 987 715 1015; x_wconf 86' lang='lat' dir='ltr'>sua</span> <span class='ocrx_word' id='word_1_148' title='bbox 738 988 877 1014; x_wconf 87' lang='lat' dir='ltr'>numen</span> <span class='ocrx_word' id='word_1_149' title='bbox 910 975 1008 1014; x_wconf 90' lang='lat' dir='ltr'>illud</span> <span class='ocrx_word' id='word_1_150' title='bbox 1041 975 1204 1014; x_wconf 80' lang='lat' dir='ltr'>coeleste</span> <span class='ocrx_word' id='word_1_151' title='bbox 1236 975 1424 1025; x_wconf 86' lang='lat' dir='ltr'>simulque</span> <span class='ocrx_word' id='word_1_152' title='bbox 1447 975 1547 1014; x_wconf 84' lang='lat' dir='ltr'>vires</span> <span class='ocrx_word' id='word_1_153' title='bbox 1570 974 1623 1014; x_wconf 87' lang='lat' dir='ltr'>ad</span> 
     </span>
     <span class='ocr_line' id='line_1_18' title="bbox 59 1024 1621 1076; baseline -0.001 -12"><span class='ocrx_word' id='word_1_154' title='bbox 59 1026 338 1076; x_wconf 82' lang='lat' dir='ltr'>procreandum</span> <span class='ocrx_word' id='word_1_155' title='bbox 362 1025 518 1064; x_wconf 89' lang='lat' dir='ltr'>idoneas</span> <span class='ocrx_word' id='word_1_156' title='bbox 542 1025 746 1064; x_wconf 84' lang='lat' dir='ltr'>contineat.</span> <span class='ocrx_word' id='word_1_157' title='bbox 788 1024 926 1073; x_wconf 80' lang='lat' dir='ltr'>Quare,</span> <span class='ocrx_word' id='word_1_158' title='bbox 951 1024 1055 1074; x_wconf 89' lang='lat' dir='ltr'>quod</span> <span class='ocrx_word' id='word_1_159' title='bbox 1078 1037 1147 1063; x_wconf 87' lang='lat' dir='ltr'>suo</span> <span class='ocrx_word' id='word_1_160' title='bbox 1171 1024 1257 1063; x_wconf 85' lang='lat' dir='ltr'>loco</span> <span class='ocrx_word' id='word_1_161' title='bbox 1282 1025 1403 1063; x_wconf 84' lang='lat' dir='ltr'>fusius</span> <span class='ocrx_word' id='word_1_162' title='bbox 1428 1025 1621 1074; x_wconf 83' lang='lat' dir='ltr'>explicare</span> 
     </span>
     <span class='ocr_line' id='line_1_19' title="bbox 60 1074 1621 1126; baseline 0.001 -13"><span class='ocrx_word' id='word_1_163' title='bbox 60 1075 207 1126; x_wconf 73' lang='lat' dir='ltr'>planet,</span> <span class='ocrx_word' id='word_1_164' title='bbox 243 1075 323 1114; x_wconf 87' lang='lat' dir='ltr'>Pan</span> <span class='ocrx_word' id='word_1_165' title='bbox 348 1087 462 1125; x_wconf 83' lang='lat' dir='ltr'>saepe</span> <span class='ocrx_word' id='word_1_166' title='bbox 479 1087 574 1115; x_wconf 89' lang='lat' dir='ltr'>-cum</span> <span class='ocrx_word' id='word_1_167' title='bbox 598 1075 778 1114; x_wconf 88' lang='lat' dir='ltr'>Hermete</span> <span class='ocrx_word' id='word_1_168' title='bbox 802 1076 1056 1114; x_wconf 80' lang='lat' dir='ltr'>commutatur</span> <span class='ocrx_word' id='word_1_169' title='bbox 1079 1074 1282 1125; x_wconf 90' lang='lat' dir='ltr'>locumque</span> <span class='ocrx_word' id='word_1_170' title='bbox 1308 1074 1389 1125; x_wconf 87' lang='lat' dir='ltr'>ejus</span> <span class='ocrx_word' id='word_1_171' title='bbox 1414 1075 1455 1113; x_wconf 90' lang='lat' dir='ltr'>in</span> <span class='ocrx_word' id='word_1_172' title='bbox 1479 1074 1621 1114; x_wconf 81' lang='lat' dir='ltr'>fabulis</span> 
     </span>
     <span class='ocr_line' id='line_1_20' title="bbox 60 1125 654 1175; baseline -0.002 -11"><span class='ocrx_word' id='word_1_173' title='bbox 60 1137 264 1175; x_wconf 85' lang='lat' dir='ltr'>rerumque</span> <span class='ocrx_word' id='word_1_174' title='bbox 287 1127 425 1163; x_wconf 84' lang='lat' dir='ltr'>natura</span> <span class='ocrx_word' id='word_1_175' title='bbox 449 1125 605 1164; x_wconf 89' lang='lat' dir='ltr'>obtinet.</span> <span class='ocrx_word' id='word_1_176' title='bbox 623 1125 654 1175; x_wconf 79' lang='lat'>⁰)</span> 
     </span>
    </p>

    <p class='ocr_par' dir='ltr' id='par_1_6' title="bbox 161 1173 1619 1224">
     <span class='ocr_line' id='line_1_21' title="bbox 161 1173 1619 1224; baseline 0 -12"><span class='ocrx_word' id='word_1_177' title='bbox 161 1175 271 1213; x_wconf 86' lang='lat' dir='ltr'>Hanc</span> <span class='ocrx_word' id='word_1_178' title='bbox 295 1186 383 1212; x_wconf 89' lang='lat' dir='ltr'>vero</span> <span class='ocrx_word' id='word_1_179' title='bbox 407 1175 521 1213; x_wconf 86' lang='lat' dir='ltr'>Panis</span> <span class='ocrx_word' id='word_1_180' title='bbox 570 1174 806 1224; x_wconf 85' lang='lat' dir='ltr'>enealogiam</span> <span class='ocrx_word' id='word_1_181' title='bbox 830 1173 934 1223; x_wconf 90' lang='lat' dir='ltr'>apud</span> <span class='ocrx_word' id='word_1_182' title='bbox 946 1173 1115 1212; x_wconf 84' lang='lat' dir='ltr'>Arcades</span> <span class='ocrx_word' id='word_1_183' title='bbox 1140 1176 1264 1212; x_wconf 84' lang='lat' dir='ltr'>ortam</span> <span class='ocrx_word' id='word_1_184' title='bbox 1277 1181 1359 1213; x_wconf 88' lang='lat' dir='ltr'>esse</span> <span class='ocrx_word' id='word_1_185' title='bbox 1371 1177 1484 1224; x_wconf 85' lang='lat' dir='ltr'>puto3</span> <span class='ocrx_word' id='word_1_186' title='bbox 1511 1174 1619 1223; x_wconf 87' lang='lat' dir='ltr'>hym-</span> 
     </span>
    </p>

    <p class='ocr_par' dir='ltr' id='par_1_7' title="bbox 55 1224 1619 1673">
     <span class='ocr_line' id='line_1_22' title="bbox 62 1224 1619 1274; baseline 0 -12"><span class='ocrx_word' id='word_1_187' title='bbox 62 1234 209 1274; x_wconf 88' lang='lat' dir='ltr'>nusque</span> <span class='ocrx_word' id='word_1_188' title='bbox 232 1224 518 1262; x_wconf 84' lang='lat' dir='ltr'>Homericusin</span> <span class='ocrx_word' id='word_1_189' title='bbox 576 1235 705 1271; x_wconf 77' lang='lat' dir='ltr'>anem,</span> <span class='ocrx_word' id='word_1_190' title='bbox 732 1224 800 1273; x_wconf 90' lang='lat' dir='ltr'>qui</span> <span class='ocrx_word' id='word_1_191' title='bbox 824 1224 1069 1273; x_wconf 77' lang='lat' dir='ltr'>simplicitate</span> <span class='ocrx_word' id='word_1_192' title='bbox 1097 1224 1244 1262; x_wconf 86' lang='lat' dir='ltr'>formae</span> <span class='ocrx_word' id='word_1_193' title='bbox 1273 1224 1441 1262; x_wconf 77' lang='lat' dir='ltr'>animum</span> <span class='ocrx_word' id='word_1_194' title='bbox 1462 1236 1619 1273; x_wconf 83' lang='lat' dir='ltr'>magno-</span> 
     </span>
     <span class='ocr_line' id='line_1_23' title="bbox 63 1273 1619 1324; baseline 0 -12"><span class='ocrx_word' id='word_1_195' title='bbox 63 1286 155 1324; x_wconf 88' lang='lat' dir='ltr'>pere</span> <span class='ocrx_word' id='word_1_196' title='bbox 187 1273 238 1312; x_wconf 82' lang='lat' dir='ltr'>ad</span> <span class='ocrx_word' id='word_1_197' title='bbox 270 1286 310 1312; x_wconf 89' lang='lat' dir='ltr'>se</span> <span class='ocrx_word' id='word_1_198' title='bbox 329 1274 483 1321; x_wconf 68' lang='lat' dir='ltr'>allicit,</span> <span class='ocrx_word' id='word_1_199' title='bbox 518 1273 680 1311; x_wconf 85' lang='lat' dir='ltr'>fortasse</span> <span class='ocrx_word' id='word_1_200' title='bbox 710 1273 907 1322; x_wconf 86' lang='lat' dir='ltr'>antiqua-m</span> <span class='ocrx_word' id='word_1_201' title='bbox 937 1273 1130 1312; x_wconf 84' lang='lat' dir='ltr'>Arcadum</span> <span class='ocrx_word' id='word_1_202' title='bbox 1160 1273 1386 1311; x_wconf 87' lang='lat' dir='ltr'>sententiam</span> <span class='ocrx_word' id='word_1_203' title='bbox 1421 1273 1468 1311; x_wconf 87' lang='lat' dir='ltr'>de</span> <span class='ocrx_word' id='word_1_204' title='bbox 1503 1274 1619 1312; x_wconf 86' lang='lat' dir='ltr'>Panis</span> 
     </span>
     <span class='ocr_line' id='line_1_24' title="bbox 62 1323 486 1374; baseline -0.002 -12"><span class='ocrx_word' id='word_1_205' title='bbox 62 1324 284 1374; x_wconf 81' lang='lat' dir='ltr'>parentibus</span> <span class='ocrx_word' id='word_1_206' title='bbox 309 1323 486 1361; x_wconf 86' lang='lat' dir='ltr'>continet.</span> 
     </span>
     <span class='ocr_line' id='line_1_25' title="bbox 60 1371 1619 1422; baseline -0.001 -9"><span class='ocrx_word' id='word_1_207' title='bbox 60 1411 63 1413; x_wconf 82' lang='grc'><strong>.</strong></span> <span class='ocrx_word' id='word_1_208' title='bbox 163 1374 201 1422; x_wconf 90' lang='grc'>2)</span> <span class='ocrx_word' id='word_1_209' title='bbox 228 1373 323 1412; x_wconf 88' lang='lat' dir='ltr'>Cum</span> <span class='ocrx_word' id='word_1_210' title='bbox 346 1373 417 1421; x_wconf 90' lang='lat' dir='ltr'>his,</span> <span class='ocrx_word' id='word_1_211' title='bbox 443 1384 541 1422; x_wconf 85' lang='lat' dir='ltr'>quae</span> <span class='ocrx_word' id='word_1_212' title='bbox 559 1372 651 1420; x_wconf 86' lang='lat' dir='ltr'>dixi,</span> <span class='ocrx_word' id='word_1_213' title='bbox 675 1371 807 1410; x_wconf 83' lang='lat' dir='ltr'>intime</span> <span class='ocrx_word' id='word_1_214' title='bbox 832 1372 1118 1422; x_wconf 79' lang='lat' dir='ltr'>arctissimeque</span> <span class='ocrx_word' id='word_1_215' title='bbox 1134 1373 1337 1412; x_wconf 86' lang='lat' dir='ltr'>cohaerere</span> <span class='ocrx_word' id='word_1_216' title='bbox 1348 1373 1499 1411; x_wconf 84' lang='lat' dir='ltr'>videtur</span> <span class='ocrx_word' id='word_1_217' title='bbox 1512 1373 1619 1412; x_wconf 86' lang='lat' dir='ltr'>aliud</span> 
     </span>
     <span class='ocr_line' id='line_1_26' title="bbox 62 1421 1617 1473; baseline -0.001 -11"><span class='ocrx_word' id='word_1_218' title='bbox 62 1422 266 1473; x_wconf 81' lang='lat' dir='ltr'>quoddam,</span> <span class='ocrx_word' id='word_1_219' title='bbox 291 1422 396 1473; x_wconf 87' lang='lat' dir='ltr'>quod</span> <span class='ocrx_word' id='word_1_220' title='bbox 419 1421 525 1472; x_wconf 85' lang='lat' dir='ltr'>apud</span> <span class='ocrx_word' id='word_1_221' title='bbox 549 1421 720 1461; x_wconf 78' lang='lat' dir='ltr'>Servium</span> <span class='ocrx_word' id='word_1_222' title='bbox 744 1421 797 1459; x_wconf 81' lang='lat' dir='ltr'>ad</span> <span class='ocrx_word' id='word_1_223' title='bbox 810 1421 934 1471; x_wconf 71' lang='lat' dir='ltr'>Verg.</span> <span class='ocrx_word' id='word_1_224' title='bbox 960 1422 1097 1472; x_wconf 87' lang='lat' dir='ltr'>Georg.</span> <span class='ocrx_word' id='word_1_225' title='bbox 1127 1427 1159 1461; x_wconf 92' lang='lat'>1.</span> <span class='ocrx_word' id='word_1_226' title='bbox 1182 1427 1229 1462; x_wconf 89' lang='grc'>16</span> <span class='ocrx_word' id='word_1_227' title='bbox 1265 1423 1437 1473; x_wconf 85' lang='lat' dir='ltr'>legimus,</span> <span class='ocrx_word' id='word_1_228' title='bbox 1463 1423 1529 1472; x_wconf 91' lang='lat' dir='ltr'>qui</span> <span class='ocrx_word' id='word_1_229' title='bbox 1545 1424 1617 1461; x_wconf 84' lang='lat' dir='ltr'>Pa-</span> 
     </span>
     <span class='ocr_line' id='line_1_27' title="bbox 60 1471 1619 1521; baseline -0.001 -10"><span class='ocrx_word' id='word_1_230' title='bbox 60 1485 148 1511; x_wconf 90' lang='lat' dir='ltr'>nem</span> <span class='ocrx_word' id='word_1_231' title='bbox 171 1472 292 1511; x_wconf 91' lang='lat' dir='ltr'>filium</span> <span class='ocrx_word' id='word_1_232' title='bbox 314 1471 503 1521; x_wconf 88' lang='lat' dir='ltr'>Apollinis</span> <span class='ocrx_word' id='word_1_233' title='bbox 527 1473 566 1509; x_wconf 90' lang='lat' dir='ltr'>et</span> <span class='ocrx_word' id='word_1_234' title='bbox 593 1471 809 1521; x_wconf 85' lang='lat' dir='ltr'>Penelopae</span> <span class='ocrx_word' id='word_1_235' title='bbox 833 1483 917 1509; x_wconf 89' lang='lat' dir='ltr'>esse</span> <span class='ocrx_word' id='word_1_236' title='bbox 943 1471 1150 1511; x_wconf 84' lang='lat' dir='ltr'>confirmat.</span> <span class='ocrx_word' id='word_1_237' title='bbox 1205 1473 1303 1512; x_wconf 86' lang='lat' dir='ltr'>Nam</span> <span class='ocrx_word' id='word_1_238' title='bbox 1329 1485 1377 1511; x_wconf 85' lang='lat' dir='ltr'>ex</span> <span class='ocrx_word' id='word_1_239' title='bbox 1400 1472 1474 1511; x_wconf 85' lang='lat' dir='ltr'>hoc</span> <span class='ocrx_word' id='word_1_240' title='bbox 1498 1473 1619 1511; x_wconf 86' lang='lat' dir='ltr'>Servii</span> 
     </span>
     <span class='ocr_line' id='line_1_28' title="bbox 55 1520 1617 1573; baseline 0 -12"><span class='ocrx_word' id='word_1_241' title='bbox 55 1522 201 1573; x_wconf 86' lang='lat' dir='ltr'>judicio</span> <span class='ocrx_word' id='word_1_242' title='bbox 227 1521 408 1572; x_wconf 88' lang='lat' dir='ltr'>consequi</span> <span class='ocrx_word' id='word_1_243' title='bbox 431 1523 544 1572; x_wconf 89' lang='lat' dir='ltr'>puto,</span> <span class='ocrx_word' id='word_1_244' title='bbox 581 1520 695 1560; x_wconf 88' lang='lat' dir='ltr'>Panis</span> <span class='ocrx_word' id='word_1_245' title='bbox 731 1523 907 1559; x_wconf 84' lang='lat' dir='ltr'>naturam</span> <span class='ocrx_word' id='word_1_246' title='bbox 936 1521 1099 1560; x_wconf 87' lang='lat' dir='ltr'>solarem</span> <span class='ocrx_word' id='word_1_247' title='bbox 1122 1523 1255 1561; x_wconf 86' lang='lat' dir='ltr'>intime</span> <span class='ocrx_word' id='word_1_248' title='bbox 1280 1535 1367 1562; x_wconf 89' lang='lat' dir='ltr'>cum</span> <span class='ocrx_word' id='word_1_249' title='bbox 1395 1522 1478 1571; x_wconf 84' lang='lat' dir='ltr'>deo,</span> <span class='ocrx_word' id='word_1_250' title='bbox 1504 1535 1617 1573; x_wconf 88' lang='lat' dir='ltr'>quem</span> 
     </span>
     <span class='ocr_line' id='line_1_29' title="bbox 59 1571 1617 1623; baseline -0.001 -11"><span class='ocrx_word' id='word_1_251' title='bbox 59 1575 212 1623; x_wconf 83' lang='lat' dir='ltr'>postero</span> <span class='ocrx_word' id='word_1_252' title='bbox 235 1574 408 1622; x_wconf 82' lang='lat' dir='ltr'>tempore</span> <span class='ocrx_word' id='word_1_253' title='bbox 432 1571 571 1611; x_wconf 80' lang='lat' dir='ltr'>Graeci</span> <span class='ocrx_word' id='word_1_254' title='bbox 592 1571 744 1618; x_wconf 85' lang='lat' dir='ltr'>luminis</span> <span class='ocrx_word' id='word_1_255' title='bbox 769 1574 963 1609; x_wconf 83' lang='lat' dir='ltr'>auctorem</span> <span class='ocrx_word' id='word_1_256' title='bbox 986 1573 1284 1621; x_wconf 82' lang='lat' dir='ltr'>venerabantur,</span> <span class='ocrx_word' id='word_1_257' title='bbox 1315 1573 1532 1621; x_wconf 85' lang='lat' dir='ltr'>cohaerere,</span> <span class='ocrx_word' id='word_1_258' title='bbox 1559 1573 1617 1611; x_wconf 82' lang='lat' dir='ltr'>ita</span> 
     </span>
     <span class='ocr_line' id='line_1_30' title="bbox 59 1620 1107 1673; baseline -0.002 -12"><span class='ocrx_word' id='word_1_259' title='bbox 59 1623 242 1673; x_wconf 81' lang='lat' dir='ltr'>quidem,</span> <span class='ocrx_word' id='word_1_260' title='bbox 260 1624 306 1660; x_wconf 86' lang='lat' dir='ltr'>ut</span> <span class='ocrx_word' id='word_1_261' title='bbox 328 1622 426 1660; x_wconf 84' lang='lat' dir='ltr'>adeo</span> <span class='ocrx_word' id='word_1_262' title='bbox 450 1621 571 1659; x_wconf 82' lang='lat' dir='ltr'>filium</span> <span class='ocrx_word' id='word_1_263' title='bbox 595 1620 693 1660; x_wconf 85' lang='lat' dir='ltr'>Solis</span> <span class='ocrx_word' id='word_1_264' title='bbox 718 1632 805 1658; x_wconf 91' lang='lat' dir='ltr'>eum</span> <span class='ocrx_word' id='word_1_265' title='bbox 828 1621 1107 1669; x_wconf 84' lang='lat' dir='ltr'>praedicarent.</span> 
     </span>
    </p>

    <p class='ocr_par' dir='ltr' id='par_1_8' title="bbox 49 1670 1616 2020">
     <span class='ocr_line' id='line_1_31' title="bbox 157 1670 1615 1722; baseline 0 -11"><span class='ocrx_word' id='word_1_266' title='bbox 157 1672 335 1711; x_wconf 83' lang='lat' dir='ltr'>Fortasse</span> <span class='ocrx_word' id='word_1_267' title='bbox 360 1670 493 1710; x_wconf 83' lang='lat' dir='ltr'>fabula</span> <span class='ocrx_word' id='word_1_268' title='bbox 514 1670 610 1709; x_wconf 85' lang='lat' dir='ltr'>haec</span> <span class='ocrx_word' id='word_1_269' title='bbox 634 1670 739 1720; x_wconf 88' lang='lat' dir='ltr'>apud</span> <span class='ocrx_word' id='word_1_270' title='bbox 768 1670 890 1709; x_wconf 87' lang='lat' dir='ltr'>Dores</span> <span class='ocrx_word' id='word_1_271' title='bbox 914 1672 1002 1709; x_wconf 86' lang='lat' dir='ltr'>orta</span> <span class='ocrx_word' id='word_1_272' title='bbox 1024 1674 1094 1719; x_wconf 83' lang='lat' dir='ltr'>est,</span> <span class='ocrx_word' id='word_1_273' title='bbox 1121 1683 1237 1721; x_wconf 91' lang='lat' dir='ltr'>quum</span> <span class='ocrx_word' id='word_1_274' title='bbox 1262 1684 1361 1722; x_wconf 83' lang='lat' dir='ltr'>quae</span> <span class='ocrx_word' id='word_1_275' title='bbox 1375 1672 1424 1711; x_wconf 88' lang='lat' dir='ltr'>de</span> <span class='ocrx_word' id='word_1_276' title='bbox 1438 1673 1473 1711; x_wconf 90' lang='lat' dir='ltr'>A</span> <span class='ocrx_word' id='word_1_277' title='bbox 1523 1671 1615 1710; x_wconf 91' lang='lat' dir='ltr'>lline</span> 
     </span>
     <span class='ocr_line' id='line_1_32' title="bbox 57 1720 1616 1773; baseline 0 -13"><span class='ocrx_word' id='word_1_278' title='bbox 57 1725 236 1773; x_wconf 66' lang='grc' dir='ltr'><strong><em>Καρνείῳ</em></strong></span> <span class='ocrx_word' id='word_1_279' title='bbox 263 1720 477 1767; x_wconf 85' lang='lat' dir='ltr'>crederent,</span> <span class='ocrx_word' id='word_1_280' title='bbox 501 1720 542 1759; x_wconf 91' lang='lat' dir='ltr'>in</span> <span class='ocrx_word' id='word_1_281' title='bbox 567 1720 710 1768; x_wconf 84' lang='lat' dir='ltr'>Panem</span> <span class='ocrx_word' id='word_1_282' title='bbox 739 1722 874 1770; x_wconf 88' lang='lat' dir='ltr'>postea</span> <span class='ocrx_word' id='word_1_283' title='bbox 897 1720 1123 1759; x_wconf 86' lang='lat' dir='ltr'>conferrent.</span> <span class='ocrx_word' id='word_1_284' title='bbox 1141 1722 1170 1770; x_wconf 88' lang='lat'>⁷)</span> <span class='ocrx_word' id='word_1_285' title='bbox 1221 1721 1267 1760; x_wconf 94' lang='lat' dir='ltr'>In</span> <span class='ocrx_word' id='word_1_286' title='bbox 1293 1722 1417 1762; x_wconf 86' lang='lat' dir='ltr'>Gloss.</span> <span class='ocrx_word' id='word_1_287' title='bbox 1512 1723 1548 1760; x_wconf 89' lang='lat' dir='ltr'>S.</span> <span class='ocrx_word' id='word_1_288' title='bbox 1574 1723 1616 1761; x_wconf 92' lang='lat' dir='ltr'>in</span> 
     </span>
     <span class='ocr_line' id='line_1_33' title="bbox 52 1769 1612 1828; baseline -0.001 -18"><span class='ocrx_word' id='word_1_289' title='bbox 52 1771 168 1821; x_wconf 88' lang='lat' dir='ltr'>Verg.</span> <span class='ocrx_word' id='word_1_290' title='bbox 196 1772 333 1828; x_wconf 78' lang='lat' dir='ltr'>Georg.</span> <span class='ocrx_word' id='word_1_291' title='bbox 362 1774 396 1808; x_wconf 90' lang='lat'>1.</span> <span class='ocrx_word' id='word_1_292' title='bbox 423 1770 626 1820; x_wconf 85' lang='lat' dir='ltr'>(Mythogr.</span> <span class='ocrx_word' id='word_1_293' title='bbox 651 1769 736 1808; x_wconf 86' lang='lat' dir='ltr'>Lat.</span> <span class='ocrx_word' id='word_1_294' title='bbox 764 1769 824 1807; x_wconf 87' lang='lat' dir='ltr'>ed.</span> <span class='ocrx_word' id='word_1_295' title='bbox 851 1769 1043 1808; x_wconf 83' lang='lat' dir='ltr'>Staveren.</span> <span class='ocrx_word' id='word_1_296' title='bbox 1069 1771 1191 1820; x_wconf 86' lang='lat' dir='ltr'>Lugd.</span> <span class='ocrx_word' id='word_1_297' title='bbox 1218 1771 1302 1810; x_wconf 85' lang='lat' dir='ltr'>Bat.</span> <span class='ocrx_word' id='word_1_298' title='bbox 1332 1775 1439 1811; x_wconf 86' lang='lat'>1742.</span> <span class='ocrx_word' id='word_1_299' title='bbox 1452 1784 1490 1820; x_wconf 89' lang='lat' dir='ltr'>p.</span> <span class='ocrx_word' id='word_1_300' title='bbox 1512 1774 1612 1822; x_wconf 85' lang='lat'>345.)</span> 
     </span>
     <span class='ocr_line' id='line_1_34' title="bbox 49 1818 1614 1871; baseline 0 -12"><span class='ocrx_word' id='word_1_301' title='bbox 49 1821 237 1871; x_wconf 90' lang='lat' dir='ltr'>legimus:</span> <span class='ocrx_word' id='word_1_302' title='bbox 270 1819 459 1859; x_wconf 80' lang='lat' dir='ltr'>Pmdarus</span> <span class='ocrx_word' id='word_1_303' title='bbox 496 1832 543 1858; x_wconf 85' lang='lat' dir='ltr'>ex</span> <span class='ocrx_word' id='word_1_304' title='bbox 577 1818 753 1869; x_wconf 88' lang='lat' dir='ltr'>Apolline</span> <span class='ocrx_word' id='word_1_305' title='bbox 789 1820 829 1857; x_wconf 86' lang='lat' dir='ltr'>et</span> <span class='ocrx_word' id='word_1_306' title='bbox 862 1819 1002 1858; x_wconf 91' lang='lat' dir='ltr'>Penelo</span> <span class='ocrx_word' id='word_1_307' title='bbox 1030 1832 1054 1858; x_wconf 84' lang='lat' dir='ltr'>a</span> <span class='ocrx_word' id='word_1_308' title='bbox 1077 1820 1118 1858; x_wconf 90' lang='lat' dir='ltr'>in</span> <span class='ocrx_word' id='word_1_309' title='bbox 1142 1823 1271 1859; x_wconf 90' lang='lat' dir='ltr'>monte</span> <span class='ocrx_word' id='word_1_310' title='bbox 1296 1821 1444 1871; x_wconf 82' lang='lat' dir='ltr'>Lycaeo</span> <span class='ocrx_word' id='word_1_311' title='bbox 1469 1820 1614 1859; x_wconf 87' lang='lat' dir='ltr'>editum</span> 
     </span>
     <span class='ocr_line' id='line_1_35' title="bbox 53 1869 1614 1921; baseline 0 -12"><span class='ocrx_word' id='word_1_312' title='bbox 53 1871 229 1921; x_wconf 86' lang='lat' dir='ltr'>(Panem)</span> <span class='ocrx_word' id='word_1_313' title='bbox 254 1870 397 1908; x_wconf 87' lang='lat' dir='ltr'>scribit.</span> <span class='ocrx_word' id='word_1_314' title='bbox 459 1869 500 1907; x_wconf 90' lang='lat' dir='ltr'>Si</span> <span class='ocrx_word' id='word_1_315' title='bbox 531 1869 636 1918; x_wconf 86' lang='lat' dir='ltr'>apud</span> <span class='ocrx_word' id='word_1_316' title='bbox 669 1871 816 1907; x_wconf 87' lang='lat' dir='ltr'>ceteros</span> <span class='ocrx_word' id='word_1_317' title='bbox 839 1881 948 1907; x_wconf 88' lang='lat' dir='ltr'>mons</span> <span class='ocrx_word' id='word_1_318' title='bbox 1003 1870 1128 1918; x_wconf 86' lang='lat' dir='ltr'>yllene</span> <span class='ocrx_word' id='word_1_319' title='bbox 1152 1871 1281 1919; x_wconf 84' lang='lat' dir='ltr'>patria</span> <span class='ocrx_word' id='word_1_320' title='bbox 1303 1871 1419 1909; x_wconf 79' lang='lat' dir='ltr'>Panis</span> <span class='ocrx_word' id='word_1_321' title='bbox 1442 1871 1614 1909; x_wconf 85' lang='lat' dir='ltr'>nomina-</span> 
     </span>
     <span class='ocr_line' id='line_1_36' title="bbox 50 1917 1612 1970; baseline -0.001 -12"><span class='ocrx_word' id='word_1_322' title='bbox 50 1922 137 1968; x_wconf 91' lang='lat' dir='ltr'>tur,</span> <span class='ocrx_word' id='word_1_323' title='bbox 166 1919 271 1969; x_wconf 89' lang='lat' dir='ltr'>apud</span> <span class='ocrx_word' id='word_1_324' title='bbox 296 1918 521 1966; x_wconf 85' lang='lat' dir='ltr'>Pindarum,</span> <span class='ocrx_word' id='word_1_325' title='bbox 560 1918 594 1957; x_wconf 90' lang='lat' dir='ltr'>si</span> <span class='ocrx_word' id='word_1_326' title='bbox 618 1918 806 1956; x_wconf 90' lang='lat' dir='ltr'>sententia</span> <span class='ocrx_word' id='word_1_327' title='bbox 829 1917 898 1956; x_wconf 92' lang='lat' dir='ltr'>illa</span> <span class='ocrx_word' id='word_1_328' title='bbox 922 1918 1082 1956; x_wconf 86' lang='lat' dir='ltr'>veritate</span> <span class='ocrx_word' id='word_1_329' title='bbox 1105 1919 1262 1966; x_wconf 84' lang='lat' dir='ltr'>nititur,</span> <span class='ocrx_word' id='word_1_330' title='bbox 1295 1920 1485 1970; x_wconf 81' lang='lat' dir='ltr'>Lycaeum</span> <span class='ocrx_word' id='word_1_331' title='bbox 1509 1920 1612 1958; x_wconf 87' lang='lat' dir='ltr'>inve—</span> 
     </span>
     <span class='ocr_line' id='line_1_37' title="bbox 50 1967 1610 2020; baseline -0.001 -11"><span class='ocrx_word' id='word_1_332' title='bbox 50 1969 186 2020; x_wconf 89' lang='lat' dir='ltr'>nimus,</span> <span class='ocrx_word' id='word_1_333' title='bbox 212 1968 316 2020; x_wconf 91' lang='lat' dir='ltr'>quod</span> <span class='ocrx_word' id='word_1_334' title='bbox 340 1967 567 2007; x_wconf 86' lang='lat' dir='ltr'>vocabulum</span> <span class='ocrx_word' id='word_1_335' title='bbox 590 1968 752 2007; x_wconf 84' lang='lat' dir='ltr'>fortasse</span> <span class='ocrx_word' id='word_1_336' title='bbox 778 1979 826 2006; x_wconf 85' lang='lat' dir='ltr'>ex</span> <span class='ocrx_word' id='word_1_337' title='bbox 851 1968 1073 2018; x_wconf 87' lang='lat' dir='ltr'>cognomine</span> <span class='ocrx_word' id='word_1_338' title='bbox 1091 1968 1278 2019; x_wconf 89' lang='lat' dir='ltr'>Apollinis</span> <span class='ocrx_word' id='word_1_339' title='bbox 1293 1972 1464 2016; x_wconf 85' lang='grc' dir='ltr'><strong><em>Λυκαῖος</em></strong></span> <span class='ocrx_word' id='word_1_340' title='bbox 1486 1972 1610 2008; x_wconf 87' lang='lat' dir='ltr'>ortum</span> 
     </span>
    </p>
   </div>
   <div class='ocr_carea' id='block_1_3' title="bbox 713 85 962 119">
    <p class='ocr_par' dir='ltr' id='par_1_9' title="bbox 713 85 962 119">
     <span class='ocr_line' id='line_1_38' title="bbox 713 85 962 119; baseline -0.004 -9"><span class='ocrx_word' id='word_1_341' title='bbox 713 104 773 117; x_wconf 66' lang='lat'>—-.</span> <span class='ocrx_word' id='word_1_342' title='bbox 813 85 866 119; x_wconf 79' lang='lat'>25</span> <span class='ocrx_word' id='word_1_343' title='bbox 911 103 962 109; x_wconf 81' lang='lat'>—.</span> 
     </span>
    </p>
   </div>
   <div class='ocr_carea' id='block_1_4' title="bbox 94 2120 1608 2246">
    <p class='ocr_par' dir='ltr' id='par_1_10' title="bbox 94 2120 1608 2246">
     <span class='ocr_line' id='line_1_39' title="bbox 94 2120 1608 2164; baseline 0 -10"><span class='ocrx_word' id='word_1_344' title='bbox 94 2122 116 2164; x_wconf 83' lang='grc' dir='ltr'>ι)</span> <span class='ocrx_word' id='word_1_345' title='bbox 137 2121 289 2164; x_wconf 83' lang='lat' dir='ltr'>Hymnus</span> <span class='ocrx_word' id='word_1_346' title='bbox 309 2120 411 2156; x_wconf 76' lang='lat' dir='ltr'>Hom.</span> <span class='ocrx_word' id='word_1_347' title='bbox 432 2120 469 2152; x_wconf 90' lang='lat' dir='ltr'>in</span> <span class='ocrx_word' id='word_1_348' title='bbox 488 2120 615 2153; x_wconf 85' lang='lat' dir='ltr'>Panem</span> <span class='ocrx_word' id='word_1_349' title='bbox 637 2131 668 2153; x_wconf 80' lang='lat' dir='ltr'>V.</span> <span class='ocrx_word' id='word_1_350' title='bbox 689 2122 740 2153; x_wconf 88' lang='grc'>34.</span> <span class='ocrx_word' id='word_1_351' title='bbox 760 2120 801 2153; x_wconf 90' lang='lat' dir='ltr'>In</span> <span class='ocrx_word' id='word_1_352' title='bbox 813 2121 950 2153; x_wconf 86' lang='lat' dir='ltr'>Anthol.</span> <span class='ocrx_word' id='word_1_353' title='bbox 971 2121 1112 2155; x_wconf 85' lang='lat' dir='ltr'>Planud.</span> <span class='ocrx_word' id='word_1_354' title='bbox 1135 2122 1189 2155; x_wconf 89' lang='lat' dir='ltr'>IV.</span> <span class='ocrx_word' id='word_1_355' title='bbox 1210 2123 1282 2155; x_wconf 82' lang='lat'>229.</span> <span class='ocrx_word' id='word_1_356' title='bbox 1303 2122 1426 2155; x_wconf 84' lang='lat' dir='ltr'>Tauch.</span> <span class='ocrx_word' id='word_1_357' title='bbox 1447 2122 1608 2164; x_wconf 84' lang='lat' dir='ltr'>legimus:</span> 
     </span>
     <span class='ocr_line' id='line_1_40' title="bbox 404 2164 1191 2204; baseline 0.003 -11"><span class='ocrx_word' id='word_1_358' title='bbox 404 2164 544 2202; x_wconf 76' lang='grc' dir='ltr'><strong><em>Ἑρμείαν</em></strong></span> <span class='ocrx_word' id='word_1_359' title='bbox 566 2165 622 2202; x_wconf 77' lang='grc' dir='ltr'>γὰρ</span> <span class='ocrx_word' id='word_1_360' title='bbox 644 2165 755 2194; x_wconf 72' lang='grc' dir='ltr'><strong><em>ἄνακτα</em></strong></span> <span class='ocrx_word' id='word_1_361' title='bbox 775 2168 861 2195; x_wconf 79' lang='grc' dir='ltr'><strong><em>τέκεν</em></strong></span> <span class='ocrx_word' id='word_1_362' title='bbox 879 2166 1097 2204; x_wconf 74' lang='grc' dir='ltr'>νεφεληγερέτα</span> <span class='ocrx_word' id='word_1_363' title='bbox 1107 2167 1191 2204; x_wconf 70' lang='grc' dir='ltr'><em>Ζεύς,</em></span> 
     </span>
     <span class='ocr_line' id='line_1_41' title="bbox 406 2204 1093 2246; baseline 0.003 -11"><span class='ocrx_word' id='word_1_364' title='bbox 406 2205 501 2245; x_wconf 74' lang='grc' dir='ltr'><strong><em>αὐτὰρ</em></strong></span> <span class='ocrx_word' id='word_1_365' title='bbox 522 2204 567 2244; x_wconf 71' lang='grc' dir='ltr'>ὅγ’</span> <span class='ocrx_word' id='word_1_366' title='bbox 586 2206 723 2246; x_wconf 78' lang='grc' dir='ltr'><strong><em>Ἑρμείας</em></strong></span> <span class='ocrx_word' id='word_1_367' title='bbox 744 2207 830 2236; x_wconf 77' lang='grc' dir='ltr'><strong><em>Πᾶνα</em></strong></span> <span class='ocrx_word' id='word_1_368' title='bbox 849 2206 905 2236; x_wconf 75' lang='grc' dir='ltr'>τὸν</span> <span class='ocrx_word' id='word_1_369' title='bbox 926 2207 1093 2244; x_wconf 76' lang='grc' dir='ltr'>αἷγελιίτην,</span> 
     </span>
    </p>
   </div>
   <div class='ocr_carea' id='block_1_5' title="bbox 92 2259 1153 2358">
    <p class='ocr_par' dir='ltr' id='par_1_11' title="bbox 92 2259 1153 2358">
     <span class='ocr_line' id='line_1_42' title="bbox 93 2259 835 2301; baseline -0.001 -7"><span class='ocrx_word' id='word_1_370' title='bbox 93 2261 116 2301; x_wconf 76' lang='lat'>²)</span> <span class='ocrx_word' id='word_1_371' title='bbox 137 2260 328 2294; x_wconf 81' lang='lat' dir='ltr'>Hemsterh.</span> <span class='ocrx_word' id='word_1_372' title='bbox 350 2260 395 2293; x_wconf 83' lang='lat' dir='ltr'>ad</span> <span class='ocrx_word' id='word_1_373' title='bbox 415 2260 496 2292; x_wconf 88' lang='lat' dir='ltr'>Luc.</span> <span class='ocrx_word' id='word_1_374' title='bbox 518 2259 598 2292; x_wconf 83' lang='lat' dir='ltr'>dial.</span> <span class='ocrx_word' id='word_1_375' title='bbox 620 2259 711 2292; x_wconf 87' lang='lat' dir='ltr'>deor.</span> <span class='ocrx_word' id='word_1_376' title='bbox 732 2259 835 2293; x_wconf 89' lang='lat' dir='ltr'>XXII.</span> 
     </span>
     <span class='ocr_line' id='line_1_43' title="bbox 92 2316 1153 2358; baseline 0 -10"><span class='ocrx_word' id='word_1_377' title='bbox 92 2318 121 2358; x_wconf 84' lang='lat'><em>¹³)-</em></span> <span class='ocrx_word' id='word_1_378' title='bbox 136 2317 245 2349; x_wconf 79' lang='lat' dir='ltr'>Nonn.</span> <span class='ocrx_word' id='word_1_379' title='bbox 268 2317 402 2356; x_wconf 85' lang='lat' dir='ltr'>Dionys.</span> <span class='ocrx_word' id='word_1_380' title='bbox 424 2316 509 2348; x_wconf 87' lang='lat' dir='ltr'><strong>XIV.</strong></span> <span class='ocrx_word' id='word_1_381' title='bbox 531 2317 583 2348; x_wconf 88' lang='grc'>87.</span> <span class='ocrx_word' id='word_1_382' title='bbox 608 2316 735 2348; x_wconf 87' lang='lat' dir='ltr'>Cicero.</span> <span class='ocrx_word' id='word_1_383' title='bbox 758 2317 801 2348; x_wconf 87' lang='lat' dir='ltr'>de</span> <span class='ocrx_word' id='word_1_384' title='bbox 821 2317 891 2347; x_wconf 79' lang='lat' dir='ltr'>nat.</span> <span class='ocrx_word' id='word_1_385' title='bbox 913 2316 1005 2348; x_wconf 88' lang='lat' dir='ltr'>deor.</span> <span class='ocrx_word' id='word_1_386' title='bbox 1026 2317 1082 2348; x_wconf 88' lang='grc' dir='ltr'>ΙΠ.</span> <span class='ocrx_word' id='word_1_387' title='bbox 1103 2319 1153 2349; x_wconf 86' lang='grc'>22.</span> 
     </span>
    </p>
   </div>
   <div class='ocr_carea' id='block_1_6' title="bbox 89 2372 1607 2416">
    <p class='ocr_par' dir='ltr' id='par_1_12' title="bbox 89 2372 1607 2416">
     <span class='ocr_line' id='line_1_44' title="bbox 89 2372 1607 2416; baseline 0 -10"><span class='ocrx_word' id='word_1_388' title='bbox 89 2373 115 2416; x_wconf 85' lang='lat'>⁴)</span> <span class='ocrx_word' id='word_1_389' title='bbox 136 2373 199 2406; x_wconf 81' lang='lat' dir='ltr'>Est</span> <span class='ocrx_word' id='word_1_390' title='bbox 219 2376 332 2405; x_wconf 81' lang='lat' dir='ltr'>autem</span> <span class='ocrx_word' id='word_1_391' title='bbox 354 2372 513 2414; x_wconf 85' lang='lat' dir='ltr'>Hermes,</span> <span class='ocrx_word' id='word_1_392' title='bbox 546 2372 638 2414; x_wconf 89' lang='lat' dir='ltr'>quod</span> <span class='ocrx_word' id='word_1_393' title='bbox 664 2372 730 2405; x_wconf 80' lang='lat' dir='ltr'>alio</span> <span class='ocrx_word' id='word_1_394' title='bbox 759 2372 834 2405; x_wconf 85' lang='lat' dir='ltr'>loco</span> <span class='ocrx_word' id='word_1_395' title='bbox 857 2372 929 2414; x_wconf 84' lang='lat' dir='ltr'>jam</span> <span class='ocrx_word' id='word_1_396' title='bbox 962 2373 1138 2415; x_wconf 80' lang='lat' dir='ltr'>explicavi,</span> <span class='ocrx_word' id='word_1_397' title='bbox 1171 2374 1287 2406; x_wconf 87' lang='lat' dir='ltr'>motor</span> <span class='ocrx_word' id='word_1_398' title='bbox 1308 2372 1460 2406; x_wconf 80' lang='lat' dir='ltr'>omnium</span> <span class='ocrx_word' id='word_1_399' title='bbox 1482 2384 1607 2415; x_wconf 85' lang='lat' dir='ltr'>rerum,</span> 
     </span>
    </p>
   </div>
   <div class='ocr_carea' id='block_1_7' title="bbox 129 2415 1608 2539">
    <p class='ocr_par' dir='ltr' id='par_1_13' title="bbox 129 2415 1608 2539">
     <span class='ocr_line' id='line_1_45' title="bbox 131 2415 1608 2461; baseline 0 -14"><span class='ocrx_word' id='word_1_400' title='bbox 131 2425 234 2457; x_wconf 86' lang='lat' dir='ltr'>quem</span> <span class='ocrx_word' id='word_1_401' title='bbox 256 2418 375 2453; x_wconf 79' lang='grc' dir='ltr'><em>κόσμον</em></span> <span class='ocrx_word' id='word_1_402' title='bbox 395 2424 518 2461; x_wconf 73' lang='lat' dir='ltr'>vpcare</span> <span class='ocrx_word' id='word_1_403' title='bbox 537 2415 628 2455; x_wconf 86' lang='lat' dir='ltr'>licet,</span> <span class='ocrx_word' id='word_1_404' title='bbox 653 2416 688 2446; x_wconf 84' lang='lat' dir='ltr'>et</span> <span class='ocrx_word' id='word_1_405' title='bbox 709 2415 767 2455; x_wconf 91' lang='lat' dir='ltr'>qui</span> <span class='ocrx_word' id='word_1_406' title='bbox 788 2415 903 2456; x_wconf 84' lang='lat' dir='ltr'>ignem</span> <span class='ocrx_word' id='word_1_407' title='bbox 925 2415 1119 2456; x_wconf 83' lang='lat' dir='ltr'>coelestem,</span> <span class='ocrx_word' id='word_1_408' title='bbox 1140 2415 1281 2448; x_wconf 86' lang='lat' dir='ltr'>numina</span> <span class='ocrx_word' id='word_1_409' title='bbox 1292 2415 1415 2447; x_wconf 78' lang='lat' dir='ltr'>solaria</span> <span class='ocrx_word' id='word_1_410' title='bbox 1432 2416 1526 2455; x_wconf 77' lang='lat' dir='ltr'>quasi</span> <span class='ocrx_word' id='word_1_411' title='bbox 1547 2427 1608 2455; x_wconf 65' lang='lat' dir='ltr'>gu-</span> 
     </span>
     <span class='ocr_line' id='line_1_46' title="bbox 129 2455 1606 2539; baseline 0.001 -52"><span class='ocrx_word' id='word_1_412' title='bbox 129 2456 448 2531; x_wconf 51' lang='grc' dir='ltr'>ξέἔῇῗὲθέὴῦἑίξΐ.</span> <span class='ocrx_word' id='word_1_413' title='bbox 468 2455 717 2539; x_wconf 41' lang='lat' dir='ltr'>&amp;tagl-cffugit?</span> <span class='ocrx_word' id='word_1_414' title='bbox 746 2455 858 2509; x_wconf 57' lang='lat' dir='ltr'>Symb.</span> <span class='ocrx_word' id='word_1_415' title='bbox 894 2456 952 2488; x_wconf 88' lang='lat'>111.</span> <span class='ocrx_word' id='word_1_416' title='bbox 975 2458 1046 2488; x_wconf 81' lang='lat'>240.</span> <span class='ocrx_word' id='word_1_417' title='bbox 1075 2457 1101 2490; x_wconf 90' lang='grc' dir='ltr'>Ι.</span> <span class='ocrx_word' id='word_1_418' title='bbox 1124 2458 1195 2488; x_wconf 82' lang='grc'><strong>389.</strong></span> <span class='ocrx_word' id='word_1_419' title='bbox 1224 2457 1264 2488; x_wconf 87' lang='lat'>11.</span> <span class='ocrx_word' id='word_1_420' title='bbox 1286 2458 1357 2488; x_wconf 88' lang='grc'><strong>327.</strong></span> <span class='ocrx_word' id='word_1_421' title='bbox 1379 2457 1450 2488; x_wconf 88' lang='grc'><strong>329.</strong></span> <span class='ocrx_word' id='word_1_422' title='bbox 1480 2457 1533 2488; x_wconf 93' lang='lat' dir='ltr'>IV.</span> <span class='ocrx_word' id='word_1_423' title='bbox 1554 2458 1606 2489; x_wconf 87' lang='lat'>81.</span> 
     </span>
    </p>
   </div>
   <div class='ocr_carea' id='block_1_8' title="bbox 73 2534 1618 2852">
    <p class='ocr_par' dir='ltr' id='par_1_14' title="bbox 73 2534 1618 2639">
     <span class='ocr_line' id='line_1_47' title="bbox 73 2534 1618 2598; baseline -0.001 -10"><span class='ocrx_word' id='word_1_424' title='bbox 73 2555 115 2598; x_wconf 77' lang='lat'>·⁶)</span> <span class='ocrx_word' id='word_1_425' title='bbox 135 2554 177 2588; x_wconf 79' lang='lat' dir='ltr'>cf.</span> <span class='ocrx_word' id='word_1_426' title='bbox 199 2564 284 2595; x_wconf 78' lang='lat' dir='ltr'>quae</span> <span class='ocrx_word' id='word_1_427' title='bbox 305 2553 548 2595; x_wconf 80' lang='lat' dir='ltr'>Eryximachus</span> <span class='ocrx_word' id='word_1_428' title='bbox 567 2554 605 2586; x_wconf 90' lang='lat' dir='ltr'>in</span> <span class='ocrx_word' id='word_1_429' title='bbox 626 2554 713 2589; x_wconf 79' lang='lat' dir='ltr'>Plat.</span> <span class='ocrx_word' id='word_1_430' title='bbox 744 2555 856 2596; x_wconf 87' lang='lat' dir='ltr'>Symp.</span> <span class='ocrx_word' id='word_1_431' title='bbox 888 2556 960 2588; x_wconf 90' lang='grc'><strong>186.</strong></span> <span class='ocrx_word' id='word_1_432' title='bbox 987 2556 1028 2590; x_wconf 90' lang='grc' dir='ltr'>Ε.</span> <span class='ocrx_word' id='word_1_433' title='bbox 1057 2557 1092 2588; x_wconf 80' lang='lat' dir='ltr'>et</span> <span class='ocrx_word' id='word_1_434' title='bbox 1122 2557 1192 2588; x_wconf 86' lang='lat'>188.</span> <span class='ocrx_word' id='word_1_435' title='bbox 1224 2556 1263 2587; x_wconf 87' lang='lat' dir='ltr'>A.</span> <span class='ocrx_word' id='word_1_436' title='bbox 1292 2556 1336 2588; x_wconf 88' lang='lat' dir='ltr'>de</span> <span class='ocrx_word' id='word_1_437' title='bbox 1364 2555 1398 2588; x_wconf 84' lang='lat' dir='ltr'>vi</span> <span class='ocrx_word' id='word_1_438' title='bbox 1430 2559 1528 2596; x_wconf 67' lang='grc' dir='ltr'><strong><em>ξηρῶν</em></strong></span> <span class='ocrx_word' id='word_1_439' title='bbox 1558 2534 1618 2587; x_wconf 34' lang='grc' dir='ltr'>καὶ,</span> 
     </span>
     <span class='ocr_line' id='line_1_48' title="bbox 129 2596 778 2639; baseline 0 -11"><span class='ocrx_word' id='word_1_440' title='bbox 129 2599 229 2639; x_wconf 69' lang='grc' dir='ltr'>ὖγρῶν</span> <span class='ocrx_word' id='word_1_441' title='bbox 249 2598 396 2637; x_wconf 73' lang='grc' dir='ltr'><strong><em>ἅρμονίας</em></strong></span> <span class='ocrx_word' id='word_1_442' title='bbox 415 2599 464 2628; x_wconf 78' lang='grc' dir='ltr'>καὶ</span> <span class='ocrx_word' id='word_1_443' title='bbox 484 2598 616 2637; x_wconf 74' lang='grc' dir='ltr'><strong><em>κράσεως</em></strong></span> <span class='ocrx_word' id='word_1_444' title='bbox 635 2596 778 2636; x_wconf 75' lang='lat' dir='ltr'>profert.</span> 
     </span>
    </p>

    <p class='ocr_par' dir='ltr' id='par_1_15' title="bbox 89 2651 1608 2728">
     <span class='ocr_line' id='line_1_49' title="bbox 89 2651 1608 2728; baseline 0 -43"><span class='ocrx_word' id='word_1_445' title='bbox 89 2652 114 2694; x_wconf 71' lang='grc' dir='ltr'>ο)</span> <span class='ocrx_word' id='word_1_446' title='bbox 136 2652 246 2693; x_wconf 67' lang='lat' dir='ltr'>Quare</span> <span class='ocrx_word' id='word_1_447' title='bbox 267 2651 359 2700; x_wconf 48' lang='lat' dir='ltr'>qut-&gt;tl</span> <span class='ocrx_word' id='word_1_448' title='bbox 379 2651 644 2724; x_wconf 50' lang='lat' dir='ltr'>apu‘d&#39;fihfflacrOb.</span> <span class='ocrx_word' id='word_1_449' title='bbox 665 2651 733 2684; x_wconf 64' lang='lat' dir='ltr'>Sass.</span> <span class='ocrx_word' id='word_1_450' title='bbox 766 2655 794 2685; x_wconf 90' lang='lat'>1.</span> <span class='ocrx_word' id='word_1_451' title='bbox 816 2655 855 2684; x_wconf 83' lang='lat'>21</span> <span class='ocrx_word' id='word_1_452' title='bbox 878 2653 1043 2727; x_wconf 56' lang='lat' dir='ltr'>legimupd,</span> <span class='ocrx_word' id='word_1_453' title='bbox 1063 2656 1181 2728; x_wconf 47' lang='grc' dir='ltr'>’ῘίρμιῆςιΙ</span> <span class='ocrx_word' id='word_1_454' title='bbox 1193 2668 1227 2686; x_wconf 81' lang='grc' dir='ltr'>τε</span> <span class='ocrx_word' id='word_1_455' title='bbox 1249 2657 1360 2727; x_wconf 44' lang='lat' dir='ltr'>›dgr-0215·</span> <span class='ocrx_word' id='word_1_456' title='bbox 1380 2657 1446 2727; x_wconf 52' lang='lat' dir='ltr'>{dv</span> <span class='ocrx_word' id='word_1_457' title='bbox 1467 2654 1511 2689; x_wconf 73' lang='grc' dir='ltr'>εἷς</span> <span class='ocrx_word' id='word_1_458' title='bbox 1531 2657 1608 2689; x_wconf 75' lang='grc' dir='ltr'>θεός</span> 
     </span>
    </p>

    <p class='ocr_par' dir='ltr' id='par_1_16' title="bbox 130 2694 1607 2779">
     <span class='ocr_line' id='line_1_50' title="bbox 130 2694 1607 2779; baseline 0.001 -12"><span class='ocrx_word' id='word_1_459' title='bbox 130 2696 215 2771; x_wconf 65' lang='grc' dir='ltr'>ἶῗὲῗ</span> <span class='ocrx_word' id='word_1_460' title='bbox 225 2694 541 2773; x_wconf 40' lang='grc' dir='ltr'>Ῥἱίῗῗὲῗῃῖῗᾞῧῗ</span> <span class='ocrx_word' id='word_1_461' title='bbox 547 2697 1340 2779; x_wconf 53' lang='lat' dir='ltr'>’efuffuss‘iss03⁰3⁸251¹²2Z⁰112¹13¹32¹¹320⁰22411pio</span> <span class='ocrx_word' id='word_1_462' title='bbox 1354 2704 1552 2770; x_wconf 49' lang='grc' dir='ltr'>’.1ιίῃῖῗὲῗῇ</span> <span class='ocrx_word' id='word_1_463' title='bbox 1565 2705 1607 2769; x_wconf 65' lang='lat' dir='ltr'>eps?</span> 
     </span>
    </p>

    <p class='ocr_par' dir='ltr' id='par_1_17' title="bbox 153 2776 1606 2852">
     <span class='ocr_line' id='line_1_51' title="bbox 153 2776 1606 2852; baseline 0.002 -43"><span class='ocrx_word' id='word_1_464' title='bbox 153 2776 601 2852; x_wconf 42' lang='lat' dir='ltr'>{afitgffiezeqffigukgbeck</span> <span class='ocrx_word' id='word_1_465' title='bbox 621 2777 790 2818; x_wconf 82' lang='lat' dir='ltr'>Aglaoph.</span> <span class='ocrx_word' id='word_1_466' title='bbox 811 2788 846 2819; x_wconf 88' lang='lat' dir='ltr'>p.</span> <span class='ocrx_word' id='word_1_467' title='bbox 871 2779 943 2841; x_wconf 36' lang='lat'>4¹63.</span> <span class='ocrx_word' id='word_1_468' title='bbox 965 2780 1001 2810; x_wconf 84' lang='lat' dir='ltr'>et</span> <span class='ocrx_word' id='word_1_469' title='bbox 1021 2778 1188 2813; x_wconf 79' lang='lat' dir='ltr'>Welcker.</span> <span class='ocrx_word' id='word_1_470' title='bbox 1209 2778 1267 2811; x_wconf 88' lang='lat' dir='ltr'>Gr.</span> <span class='ocrx_word' id='word_1_471' title='bbox 1289 2779 1393 2812; x_wconf 84' lang='lat' dir='ltr'>Gttrl.</span> <span class='ocrx_word' id='word_1_472' title='bbox 1411 2788 1442 2820; x_wconf 90' lang='lat' dir='ltr'>p.</span> <span class='ocrx_word' id='word_1_473' title='bbox 1465 2780 1536 2810; x_wconf 87' lang='lat'>333.</span> <span class='ocrx_word' id='word_1_474' title='bbox 1556 2788 1606 2818; x_wconf 82' lang='lat' dir='ltr'>sq.</span> 
     </span>
    </p>
   </div>
   <div class='ocr_carea' id='block_1_9' title="bbox 90 2873 1410 2954">
    <p class='ocr_par' dir='ltr' id='par_1_18' title="bbox 90 2873 1410 2954">
     <span class='ocr_line' id='line_1_52' title="bbox 90 2873 1410 2954; baseline 0.002 -47"><span class='ocrx_word' id='word_1_475' title='bbox 90 2875 113 2916; x_wconf 76' lang='lat'>⁷)</span> <span class='ocrx_word' id='word_1_476' title='bbox 137 2874 177 2908; x_wconf 87' lang='lat' dir='ltr'>cf.</span> <span class='ocrx_word' id='word_1_477' title='bbox 201 2884 286 2915; x_wconf 75' lang='lat' dir='ltr'>quae</span> <span class='ocrx_word' id='word_1_478' title='bbox 307 2874 471 2908; x_wconf 88' lang='lat' dir='ltr'>Welcker.</span> <span class='ocrx_word' id='word_1_479' title='bbox 491 2874 548 2906; x_wconf 85' lang='lat' dir='ltr'>Gr.</span> <span class='ocrx_word' id='word_1_480' title='bbox 572 2873 671 2907; x_wconf 77' lang='lat' dir='ltr'>Gttrl.</span> <span class='ocrx_word' id='word_1_481' title='bbox 695 2886 727 2916; x_wconf 88' lang='lat' dir='ltr'>p.</span> <span class='ocrx_word' id='word_1_482' title='bbox 752 2877 820 2907; x_wconf 80' lang='grc'><strong>469.</strong></span> <span class='ocrx_word' id='word_1_483' title='bbox 847 2875 888 2907; x_wconf 86' lang='lat' dir='ltr'>de</span> <span class='ocrx_word' id='word_1_484' title='bbox 912 2876 1071 2916; x_wconf 87' lang='lat' dir='ltr'>Apolline</span> <span class='ocrx_word' id='word_1_485' title='bbox 1094 2881 1228 2954; x_wconf 55' lang='grc' dir='ltr'>Ξαρνείῳ</span> <span class='ocrx_word' id='word_1_486' title='bbox 1249 2878 1410 2917; x_wconf 80' lang='lat' dir='ltr'>loquitur.</span> 
     </span>
    </p>
   </div>
  </div>
 </body>
</html>
