1731 2980
752 34 974 90 49,-

106 172 110 175 -
160 176 163 178 *
185 150 262 190 Sed
286 150 359 189 hoc
383 151 467 190 loco
494 152 608 190 etiam
632 162 757 200 pauca
773 151 822 189 de
834 151 1011 200 Lycaone
1026 161 1320 189 commemorare
1344 152 1482 201 placet,
1509 154 1638 203 (OvidI

85 198 176 238 Met.
204 200 246 239 1.v
263 202 338 239 214
362 203 408 250 s.)
440 201 506 250 qui
536 211 676 239 nomen
706 201 811 238 certe
833 212 860 238 a
878 200 981 252 μλύπη
1006 200 1127 252 duxit.
1181 199 1364 250 (Macrob.
1389 202 1468 241 Sat.
1497 207 1528 241 1.
1558 207 1633 250 17.)

84 247 197 295 Quod
221 249 274 289 ad
297 249 468 300 mythum
493 250 671 300 pertinet,
693 249 827 298 negari
851 251 956 288 certe
981 262 1058 289 non
1082 251 1227 299 potest,
1252 249 1367 287 etiam
1388 251 1428 289 in
1452 264 1497 290 eo
1521 249 1633 291 natu'-

83 310 167 337 ram
191 299 288 339 lucis
312 300 552 349 praevalere,
578 307 810 348 quamquam
833 310 880 336 ex
904 298 1066 346 fabulis,
1093 312 1189 348 quas
1213 298 1319 348 apud
1344 298 1516 340 Ovidium
1539 302 1634 351 legi-

83 360 189 397 mus,
218 349 373 388 minime
406 348 587 398 consequi
613 347 774 390 videtur.
844 347 973 398 Etymi
1004 348 1105 386 enim
1137 361 1186 386 ne
1222 348 1454 387 mentionem
1483 351 1633 399 faciam,

85 410 201 448 quum
225 399 293 437 alii
322 399 458 439 Ovidio
489 397 585 436 duce
610 396 662 438 ad
685 396 818 442 λύκος,
843 397 957 447 lupus
980 397 1206 436 vocabulum
1229 398 1422 447 pertinere
1447 404 1634 449 censeant,

84 448 357 495 invenimus-in
379 447 522 487 fabulis
546 446 627 496 ejus
653 446 773 484 filiam
797 457 878 485 esse
901 446 1009 485 illam
1037 446 1205 494 Callisto,
1232 458 1331 496 quae
1347 449 1483 496 postea
1504 448 1634 488 111111·-

84 509 165 535 sam
196 499 429 537 commutata
459 506 540 535 esse
564 497 761 543 narratur-3
789 494 981 545 (Apollod.
1007 494 1080 552 III,
1106 499 1141 534 8.
1169 497 1220 546 2.)
1255 499 1372 546 atque
1396 496 1525 535 intime
1549 511 1635 539 cum

83 547 277 586 Artemide
303 546 555 596 conjungitur.
613 545 771 584 Callisto
802 547 930 583 autem
957 545 1039 595 jam
1072 546 1225 584 nomine
1248 549 1426 584 naturam
1451 547 1547 585 lucis
1571 561 1635 586 ex-

83 597 224 645 primit,
250 608 367 646 quum
390 595 616 635 vocabulum
640 595 762 640 καλός
815 595 899 634 nasi
923 595 1116 644 quandam
1140 595 1237 634 lucis
1266 596 1538 645 proprietatem
1561 599 1635 646 sig-

83 645 222 685 nificet.
280 646 486 684 Praeterea
518 644 688 684 Arcades
719 644 771 683 ad
823 657 1006 695 ycaonem
1039 645 1238 695 complura
1260 646 1361 684 vitae
1387 645 1557 684 cultioris
1581 647 1636 684 in-

82 698 197 734 venta
227 696 409 743 referunt,
446 696 572 753 (Paus.
603 694 706 733 VIII.
742 697 776 733 2.
802 694 920 733 schol.
945 695 1133 745 Lycophr.
1160 696 1263 745 481.)
1301 707 1399 744 quae
1432 696 1638 745 praecipue

83 745 135 783 ad
152 746 316 786 numina
350 745 485 784 solans
509 747 689 792 naturae,
722 746 767 782 ut
789 745 1004 794 Apollinem
1036 745 1209 795 aliosque
1240 745 1378 783 referri
1401 746 1516 784 solita
1538 749 1636 784 sunt.

83 794 143 833 Ex
167 795 227 834 his
253 794 408 845 quidem
427 795 507 845 jam
532 793 708 832 concludi
731 793 842 842 licet,
875 794 918 832 id
942 795 1046 844 quod
1071 796 1187 833 etiam
1212 797 1338 844 etymo
1363 795 1540 833 vocabuli
1565 796 1638 845 Ly—

84 855 180 882 caon
205 844 420 883 confimari
444 846 588 893 potest,
626 843 830 892 significari
857 843 933 881 hoc
959 844 1114 886 ¹nomine
1144 844 1420 893 proprietatem
1445 844 1639 893 quandam

82 893 264 937 lucidam.
292 894 366 933 Sin
391 897 518 932 autem
531 893 674 933 Panem
696 892 818 931 filium
841 892 955 943 hujus
970 893 1149 932 Callistus
1171 894 1288 932 fuisse
1306 893 1476 943 legimus,
1503 893 1637 944 (schol.

8 940 23 951 ”
81 942 240 986 Theocr.
269 947 301 982 1.
329 945 380 993 3.)
406 944 499 992 quid
523 945 582 981 est
606 955 673 981 cur
698 942 926 990 dubitemus,
952 943 1068 981 etiam
1094 944 1134 981 in
1147 955 1192 981 eo
1211 943 1334 982 inesse
1348 944 1517 981 lucidam
1529 944 1637 981 illam

82 994 198 1043 atque
231 993 396 1032 solarem
426 996 611 1031 naturam.
676 991 819 1038 Quodsi
851 995 980 1030 autem
1014 992 1115 1035 filius
1147 1004 1194 1030 ex
1231 992 1301 1031 illa
1334 992 1491 1031 Callisto
1523 995 1637 1042 natus

81 1042 207 1093 Majae
237 1043 457 1082 educandus
484 1042 669 1091 traditur,
694 1041 885 1092 (Apollod.
910 1041 979 1081 111.
1007 1045 1041 1081 8.
1068 1043 1119 1090 2.)
1146 1055 1245 1092 quae
1278 1055 1326 1081 ex
1351 1055 1392 1081 se
1417 1043 1636 1081 Hermetem

82 1094 302 1142 progenuit,
328 1093 467 1142 (Apoll.
492 1092 562 1131 111.
591 1096 649 1130 10.
684 1095 718 1130 2.
753 1092 927 1130 Eustath.
957 1092 1008 1129 ad
1032 1092 1147 1141 Odys.
1184 1093 1285 1130 XIV.
1320 1095 1406 1130 435.
1434 1095 1535 1142 482.)
1569 1094 1636 1141 qui

81 1142 241 1181 Hermes
265 1144 375 1192 pater
399 1142 513 1181 Panis
537 1142 695 1179 vocatur
720 1140 835 1190 (hym.
852 1141 962 1179 Hom.
987 1141 1028 1179 in
1053 1141 1145 1179 Pan.
1174 1143 1249 1191 34.)
1274 1141 1334 1179 his
1359 1141 1512 1189 fabulis,
1538 1155 1637 1191 quae

82 1191 206 1230 minus
231 1191 358 1230 clarae
382 1194 496 1242 atque
521 1191 746 1241 perspicuae
770 1192 867 1238 sunt,
892 1194 1021 1229 tamen
1046 1191 1097 1229 ad
1121 1191 1240 1229 solem
1253 1191 1409 1240 ejusque
1423 1192 1510 1240 vim,
1538 1204 1637 1241 quae

83 1253 146 1279 res
167 1244 338 1279 terrenas
364 1242 484 1290 gignit
507 1244 622 1289 atque
647 1242 842 1289 procreat,
871 1240 1024 1288 regredi
1046 1253 1200 1278 necesse
1226 1245 1294 1278 est.
1316 1243 1343 1289 ι)

184 1289 310 1336 Quare
335 1302 451 1339 quum
475 1292 555 1327 tam
579 1293 684 1326 arcte
709 1288 866 1336 genealo
895 1290 968 1326 'am
981 1288 1095 1327 Panis
1110 1301 1194 1326 cum
1207 1290 1381 1338 Lycaone
1397 1290 1638 1339 conjunctam

85 1351 290 1378 connexam
320 1352 367 1378 ue
399 1339 632 1377 inveniamus
663 1337 837 1388 (Theocr.
884 1338 921 1376 d.
950 1341 983 1376 1.
1013 1341 1095 1377 123.
1121 1340 1166 1388 s.)
1192 1351 1269 1376 non
1294 1342 1351 1377 est
1377 1351 1445 1376 cur
1469 1352 1566 1387 eum,
1595 1343 1638 1377 ut

85 1388 211 1427 Ovidii
233 1401 298 1427 ver
325 1389 358 1427 is
381 1391 480 1435 utar,
504 1388 579 1426 vim
605 1387 768 1426 solarem
795 1399 876 1425 esse
900 1399 1089 1436 negemus.

182 1438 319 1478 Acedit
344 1438 489 1486 eodem,
515 1437 618 1488 quod
642 1437 682 1475 in
706 1436 846 1487 hymno
862 1436 1064 1476 Homerico
1079 1440 1135 1476 14.
1162 1437 1242 1476 Pan
1257 1440 1414 1476 vocatur
1434 1437 1532 1484 ὀξέα
1551 1438 1633 1495 δερ-

83 1490 270 1575 ἕᾴμῖενος,
304 1489 408 1545 quod
440 1486 728 1586 saepius2)apud
764 1487 971 1525 Homerum
1005 1487 1053 1525 de
1086 1488 1273 1537 Apollinis
1304 1489 1381 1526 sive
1406 1488 1496 1527 solis
1518 1489 1637 1526 radiis

110 1550 146 1576 lc
164 1551 227 1575 um
253 1551 334 1576 esse
358 1550 576 1576 mvemmus.

182 1587 252 1626 His
277 1588 437 1637 aliisque
461 1586 629 1636 vestigiis
652 1585 684 1623 si
709 1586 1015 1635 progrediamur,
1052 1589 1154 1625 certe
1178 1599 1253 1625 non
1280 1600 1467 1636 erramus,
1499 1588 1532 1626 si
1558 1587 1636 1625 cul-

82 1639 164 1675 tum
189 1637 304 1675 Panis
329 1650 414 1674 cum
439 1635 698 1685 antiquissimo
724 1636 891 1674 Orientis
925 1636 1028 1674 cultu
1055 1637 1316 1686 conjungimus
1339 1639 1455 1686 atque
1480 1649 1527 1674 ex
1551 1637 1637 1685 ipsa

82 1698 210 1724 rerum
224 1687 454 1725 Graecarum
471 1685 642 1733 historia,
668 1685 778 1734 quasi
801 1687 917 1724 testes
943 1698 1201 1734 convocamus,
1229 1688 1295 1736 qui
1322 1687 1426 1725 clare
1452 1686 1635 1724 dilucide-

78 1748 153 1785 que
182 1749 320 1774 nexum
345 1736 453 1774 illum
478 1735 674 1774 declarent
698 1734 916 1784 panemque
941 1735 1006 1773 diu
1026 1736 1107 1785 jam
1133 1736 1325 1785 cognitum
1343 1737 1460 1775 fuisse
1479 1749 1635 1775 numen—

79 1797 153 1834 que
184 1785 377 1834 quoddam
402 1787 526 1824 solare
553 1796 634 1822 esse
663 1784 894 1822 confirment.

790 1943 838 2003 §-
878 1947 917 1989 5.

316 2065 577 2110 Testimonia
609 2067 864 2124 scriptorum
895 2067 1151 2111 Graecorum
1185 2067 1238 2110 de
1267 2068 1394 2111 Pane.

174 2183 220 2221 In
245 2182 402 2221 Homeri
426 2162 542 2232 atilue
566 2183 724 2222 Hesiodi
754 2184 984 2222 carminibus
1014 2184 1156 2222 Panem
1189 2187 1518 2223 commemoratum
1553 2198 1629 2222 non

74 2233 302 2280 invenimus,
324 2234 364 2270 et
387 2232 541 2271 fuerunt
564 2233 692 2281 multi,
717 2233 783 2283 qui
808 2245 893 2272 eum
917 2236 984 2272 aut
1009 2235 1161 2273 omnino
1185 2236 1376 2284 cognitum
1401 2247 1477 2273 non
1502 2236 1628 2281 fuisse,

158 2380 244 2413 Nam
266 2380 416 2413 Artemis
438 2382 473 2413 et
492 2380 602 2413 lucem
625 2381 661 2413 et
680 2380 877 2423 frugiferam
905 2383 1062 2413 naturam
1093 2383 1336 2423 repraesentat.
1388 2382 1497 2423 Quare
1529 2383 1631 2414 etiam

161 2432 236 2455 cum
259 2423 436 2455 Artemide
456 2423 527 2455 Pan
549 2424 748 2464 conjunctus
771 2425 845 2455 erat
872 2423 1064 2465 Olympiae3
1106 2425 1200 2458 Paua.
1221 2425 1260 2457 V.
1283 2427 1332 2457 15.
1353 2426 1382 2457 4.
1404 2427 1435 2458 5.
1464 2435 1550 2465 quae
1571 2426 1632 2456 Ar-

158 2464 259 2496 temis
281 2466 428 2497 Κόκκωκα
457 2464 655 2506 frugiferam
677 2467 835 2513 naturam
857 2465 1041 2513 significat,
1071 2476 1175 2507 quum
1207 2471 1318 2504 κόκκος
1349 2466 1532 2499 secundum
1561 2466 1633 2497 Sui-

160 2506 237 2538 dam
259 2516 284 2537 s.
305 2516 337 2537 v.
359 2508 396 2539 τὸ
417 2512 589 2547 γυναικεῖον
617 2509 727 2548 μόριον
746 2506 847 2539 fuisse
867 2506 1031 2539 Videatur.
1085 2507 1194 2548 Quare
1222 2509 1251 2541 si
1276 2508 1348 2540 Pan
1379 2508 1461 2540 deus
1490 2511 1633 2550 φαλλικός

160 2549 222 2588 est,
244 2547 394 2581 Artemis
415 2548 494 2580 huic
515 2548 671 2590 qualitati
692 2548 899 2590 respondens
920 2552 1064 2586 κόκκινος
1085 2550 1250 2591 appellari
1269 2553 1401 2592 potest,
1433 2550 1461 2583 si
1490 2551 1560 2582 Pan
1583 2553 1634 2582 est

160 2594 303 2637 Λυκριῒος,
324 2589 472 2623 Artemis
493 2589 572 2622 huic
594 2590 770 2631 opposita,
801 2593 852 2636 est
883 2596 1010 2623 Λυκαῖα.
1047 2591 1090 2625 cf.
1126 2592 1167 2625 E.
1189 2592 1317 2625 David:
1346 2591 1556 2624 Recherches
1576 2602 1634 2623 sur

121 2671 144 2713 ι)
157 2630 833 2721 ’111ξὲ811ῃῖ111ῗῇᾦὲξὶιέ1111111111711δὲ111
857 2675 886 2705 1.
910 2665 1032 2721 12..2ό.
1053 2675 1147 2706 terra.
1168 2676 1235 2715 est,
1265 2685 1350 2716 quae
1371 2674 1400 2707 si
1419 2684 1561 2716 puerum
1584 2684 1635 2705 re-

160 2715 254 2754 clp1t‚
275 2724 344 2745 vun
368 2714 514 2745 solarem
524 2724 694 2756 recepisse
704 2717 806 2755 atque
817 2715 867 2747 ita
881 2714 1046 2756 frugifera
1055 2715 1244 2758 fertilisque
1259 2717 1394 2749 reddita
1409 2726 1480 2748 esse
1490 2715 1634 2748 videtur.

121 2753 145 2796 ²)
166 2753 264 2787 Hom.
286 2755 324 2787 Il.
345 2755 401 2787 111.
423 2757 494 2787 277.
518 2755 619 2796 Odys.
642 2756 728 2790 VIII.
750 2759 822 2789 270.
842 2757 932 2798 hym.
955 2757 1072 2789 XXXI.
1094 2759 1123 2789 9.
1146 2758 1188 2793 cf.
1210 2759 1364 2791 Cratinus
1380 2769 1432 2800 ap.
1454 2757 1635 2798 Hephaest.

160 2806 193 2837 p.
214 2797 266 2830 57.
286 2797 347 2829 ubi
368 2797 438 2829 Pan
461 2802 654 2839 χρυσόκερως
673 2799 887 2840 nominatur,
919 2799 1010 2839 quod
1032 2800 1234 2832 vocabulum
1258 2801 1301 2832 ad
1323 2800 1537 2843 splendorem
1557 2799 1638 2831 solis

160 2839 301 2879 spectat.
1134 2887 1154 2910 q

1134 2912 1154 2921 ..a
