1731 2980
724 32 969 67 „25—

63 133 132 170 est.
183 130 290 168 Inest
319 131 448 169 autem
482 128 649 167 studium
674 127 868 178 quoddam
892 127 1035 168 Panem
1066 140 1153 168 cum
1184 129 1447 181 antiquissima
1470 131 1623 183 roligio-

62 182 122 219 nis
146 180 359 219 Arcadicae
383 179 473 218 sede
499 177 764 227 con’ungendi.
1111 196 1131 207 ω
1368 199 1371 205 ·

164 231 203 279 3)
229 229 445 268 Secundum
457 240 554 278 quos
581 239 644 266 am
659 226 887 277 genealogus
899 227 980 265 Pan
995 227 1097 266 filius
1109 226 1459 267 Jovisnominatur.
1492 229 1622 276 Quan-

61 281 126 318 tus
152 290 240 317 vero
264 278 306 317 in
329 280 441 328 patre
464 276 695 316 nominando
721 289 943 324 consensus,
979 279 1093 316 tauta
1123 277 1164 316 in
1188 279 1330 326 matre,
1365 290 1464 328 quae
1493 278 1621 328 fuerit,

61 329 265 367 referenda
290 328 484 366 dissensio.
535 328 632 366 Sunt
655 326 768 373 enim,
819 327 860 365 ui
884 325 1129 366 Callistonem
1151 327 1357 376 nymplnm
1374 331 1533 367 matrem
1549 329 1623 368 Pa-

61 379 122 416 nis
146 378 263 416 fuisse
289 377 420 415 dicant
439 379 487 426 ¹),
513 376 581 414 alii
604 388 693 414 vero
719 388 765 413 ex
789 339 914 426 §ybri
938 376 1016 414 sive
1030 376 1213 426 Thymbri
1238 388 1324 414 eum
1348 377 1528 427 genitum,
1553 378 1621 417 alii

62 427 226 478 denique
252 439 299 465 ex
325 425 495 466 Oeneide
518 426 688 477 nympha
711 438 798 464 eum
823 428 950 464 ortum
974 437 1056 465 esse
1082 426 1318 465 confirmant.
1333 428 1365 477 2)
1471 461 1478 466 .

160 479 220 516 Ex
244 477 319 515 hac
341 479 454 515 tanta
477 476 699 526 opinionum
723 476 1072 525 sententiarumque
1092 476 1326 515 dissonantia
1337 476 1501 526 primum
1524 477 1623 519 illud

55 527 138 575 jam
170 526 275 564 facili
305 527 459 576 negatio
491 525 656 575 intelligi
679 537 792 575 posse
815 528 932 574 puto,
966 536 1035 562 cur
1064 525 1105 563 in
1136 525 1197 563 his
1227 525 1367 565 fabulis
1389 525 1491 565 filius
1517 526 1624 566 Jovis

60 576 277 627 appellatus
300 576 361 615 sit.
393 575 493 615 Nam
518 575 562 625 si,
586 578 632 614 ut
650 575 732 626 jam
756 575 908 624 saepius
932 574 1131 624 explicavi,
1154 575 1236 614 Pan
1255 567 1358 615 deus*
1370 575 1469 625 ignis
1492 575 1623 616 aethe-

61 628 117 664 rei
142 639 226 664 esse
248 626 420 672 videtur,
446 626 479 663 si
501 625 543 662 in
568 625 724 663 aethere
752 627 869 674 atque
891 625 933 662 in
958 624 1064 662 coelo
1087 624 1210 673 fulget
1234 625 1383 674 ibique,
1408 625 1482 663 etsi
1506 626 1623 664 sensi-

62 676 134 714 bus
156 688 234 714 non
258 675 480 726 percipitur,
504 676 633 713 tamen
653 674 783 713 lumen
807 673 1001 724 quoddam
1025 672 1218 712 occultum
1242 673 1410 715 lucetat
1437 687 1485 713 ue
1508 687 1557 715 ex
1581 687 1622 715 se

61 726 205 765 lumina
230 725 428 765 stellarum
452 726 616 773 emanat,
632 723 735 781 ‘quid
758 726 830 781 est,
857 736 926 762 cur
947 724 1147 771 miremur,
1173 736 1260 762 eum
1281 724 1402 764 filium
1452 726 1531 765 ovis
1554 738 1623 764 no-

59 773 1623 882 &2³32qffiossusstssffsseipffisiffih3¹n221221⁹5352ss1⁰2530252hssffffieffi

61 874 153 913 dum
178 887 303 925 quem,
326 876 480 913 tametffl
503 874 664 913 Hermes
687 876 800 923 pater
823 874 938 912 Pams
961 873 1218 922 praedicatur,
1242 876 1370 911 tamen
1392 874 1518 912 infans
1540 875 1624 913 Pan

59 925 100 962 in
128 924 332 974 Olympum
357 935 382 962 a
404 926 516 973 patre
540 925 719 972 portatur
729 923 771 972 ³),
824 934 875 960 uo
901 922 995 971 quid
1016 921 1123 960 aliud
1142 921 1337 960 declarari
1351 925 1541 972 putamus,
1565 925 1624 962 at-

61 985 137 1023 que
161 972 256 1022 hoc,
281 973 423 1012 Panem
449 973 670 1011 aethereum
695 984 777 1011 esse
829 972 942 1010 eum?

161 1023 326 1062 Matrem
342 1035 432 1062 vero
458 1023 572 1061 modo
598 1022 843 1061 Callistonem
871 1021 1089 1071 nympham,
1114 1021 1228 1059 modo
1252 1021 1483 1071 Thmbrim,
1508 1022 1623 1060 modo

62 1073 271 1111 Oeno'itlem
304 1075 636 1111 commemoratam
675 1071 885 1109 invenimus
898 1101 907 1119 ,
951 1073 1068 1120 atque
1103 1070 1155 1109 ad
1186 1070 1283 1109 haec
1315 1071 1469 1110 nomina
1502 1071 1623 1122 expli—

61 1122 186 1161 canda
205 1122 287 1172 jam
309 1121 581 1171 transgredior.
904 1166 906 1169 Υ
1441 1152 1443 1155 ,

160 1172 337 1220 Callisto,
353 1172 385 1221 ι’)
411 1184 459 1210 ex
481 1170 615 1209 fabula
638 1172 761 1208 mater
785 1170 966 1218 Arcadis,
993 1170 1137 1220 (fratris
1162 1169 1276 1209 Panis
1307 1181 1355 1208 ex
1379 1170 1453 1209 hac
1477 1170 1623 1222 fabula)

59 1235 96 1310 ἦ
109 1222 204 1260 Jove
228 1223 281 1295 in5
294 1222 442 1261 coelum
466 1223 623 1271 recepta
648 1223 726 1268 est,
751 1220 882 1270 ibique
897 1220 1020 1269 fulget
1031 1221 1226 1267 Arcturus,
1253 1220 1301 1258 de
1327 1233 1403 1269 quo
1419 1220 1617 1269 praeclare

97 1284 248 1311 omerus
309 1285 317 1309 :

281 1273 331 1360 )’Ἀ
356 1336 448 1360 κτον
478 1320 519 1359 θ’
533 1322 582 1374 ἢν
608 1320 674 1358 καὶ
699 1318 861 1370 ἅμαξαν
885 1320 1088 1372 ἐπίκλησιν
1112 1320 1330 1368 καλέουσιν,

294 1372 344 1423 ἢτ
385 1370 509 1410 αὐτοῦ
534 1375 743 1420 στρέφεται
766 1370 833 1407 καὶ
857 1370 892 1407 τ’
917 1369 1079 1420 Ὠρίωνα
1104 1370 1265 1418 δοκεύει,

292 1420 353 1474 οἴη
379 1420 413 1459 δ’
439 1418 619 1471 ἄμμορός
644 1420 726 1458 ἐστι
751 1419 918 1470 λοετρῶν
941 1418 1149 1458 Ὠκεανοῖο.
1228 1454 1231 1457 ,
1258 1440 1259 1443 =

152 1471 234 1508 Pan
258 1471 387 1519 igitur,
413 1472 445 1509 si
470 1483 556 1508 cum
579 1470 655 1507 hac
679 1470 847 1519 nympha
855 1471 885 1518 ⁰)
912 1470 1164 1518 conjungitur,
1190 1469 1304 1506 etiam
1329 1470 1368 1506 in
1393 1470 1613 1518 coeloquo-

54 1520 143 1558 dam
164 1531 322 1558 munere
345 1521 528 1569 fungatur
550 1530 704 1557 necesse
730 1521 798 1557 est.
858 1518 935 1557 Sed
954 1518 1036 1567 jam
1062 1530 1110 1556 ex
1133 1518 1199 1565 iis,
1235 1530 1335 1568 quae
1368 1531 1487 1567 supra
1510 1531 1613 1557 com-

50 1569 267 1617 memoravi,
294 1572 469 1619 apparet,
496 1581 582 1607 eum
608 1581 689 1607 esse
716 1568 835 1607 solem
859 1568 936 1606 sive
963 1568 1091 1606 lumen
1116 1567 1354 1615 aethereum,
1381 1580 1457 1617 quo
1482 1580 1614 1607 omnes

49 1630 112 1656 res
148 1621 332 1667 regantur
363 1619 551 1667 simulque
574 1619 699 1656 lucem
722 1618 921 1667 recipiant.
982 1618 1122 1655 Cetera
1144 1628 1234 1655 vero
1260 1617 1358 1655 coeli
1381 1617 1542 1664 lumina,
1568 1619 1612 1656 ut

48 1667 231 1717 planetae
264 1669 421 1725 septem,
460 1666 666 1717 praecipue
696 1667 797 1705 viam
821 1666 1095 1716 praescriptam
1121 1666 1389 1715 perambulant
1412 1666 1612 1717 lucemque

48 1729 74 1754 a
107 1717 189 1755 sole
236 1718 427 1767 rec1piunt
468 1719 583 1766 atque
623 1717 698 1755 iter
736 1716 821 1765 lege
864 1716 1030 1765 quadam
1072 1716 1351 1766 praescriptum
1389 1716 1610 1759 conficiunt.

47 1766 255 1805 Praeterea
288 1767 404 1805 etiam
438 1779 552 1817 saepe
590 1779 676 1804 cum
708 1766 889 1804 Hei-mete
915 1767 1189 1814 commutatur,
1227 1766 1294 1815 qui
1325 1766 1365 1804 in
1397 1766 1504 1805 coelo
1537 1766 1608 1806 sub

46 1817 136 1856 Sirii
160 1818 295 1868 (κύων)
319 1817 485 1867 imagine
509 1817 674 1866 refulget
698 1815 986 1865 custodiamque
1018 1815 1211 1865 quandam
1242 1817 1455 1854 ceterarmn
1480 1816 1610 1855 stellae

87 1966 109 2004 ¹)
131 1965 322 2005 Epimenid.
343 1965 383 2012 in
400 1964 504 1997 schol.
527 1965 668 1996 Theocr.
692 1966 720 1995 1.
744 1966 774 1995 3.

85 2007 109 2045 ²)
131 2007 242 2039 Locos
262 2006 403 2048 collegit
425 2005 701 2047 Creuzer.Symb.
723 2005 780 2037 ΠΙ.
803 2007 874 2037 243.
886 2005 1478 2047 Schwenck.Etym.Myth.Andeut.
1490 2015 1524 2047 p.
1536 2007 1608 2039 213.

85 2049 113 2090 ³)
134 2049 257 2090 Hymn.
280 2049 381 2082 Hom.
402 2048 439 2080 in
459 2048 540 2080 Pan.
556 2059 588 2080 v.
610 2050 661 2080 42.

81 2091 108 2131 ⁴)
130 2090 290 2130 Apollod.
311 2090 368 2121 III.
390 2091 420 2121 8.
442 2092 472 2122 2.
495 2090 590 2122 Paus.
609 2090 634 2120 Ι.
657 2090 708 2120 29.
735 2091 765 2120 2.
788 2089 874 2120 vm.
905 2091 954 2120 35.
976 2091 1006 2120 7.
1050 2090 1092 2121 cf.
1115 2090 1293 2129 praeterea
1315 2090 1348 2121 C.
1371 2089 1410 2121 O.
1431 2089 1585 2121 Mueller.

126 2131 263 2172 Proleg.
282 2141 316 2172 p.
337 2132 388 2163 75.
411 2131 560 2163 Creuzer.
583 2130 694 2171 Symb.
715 2131 771 2163 111.
792 2131 864 2162 262.

87 2188 111 2230 ⁵)
133 2188 232 2220 Hom.
255 2188 293 2220 Il.
314 2188 432 2221 XVIII.
454 2189 525 2220 487.
548 2187 588 2220 cf.
611 2187 726 2229 Eurip.
748 2188 823 2220 Hel.
845 2189 917 2220 375.
939 2188 1094 2229 Propert.
1116 2188 1156 2220 Π.
1178 2188 1228 2220 28.
1250 2189 1300 2220 23.
1342 2187 1384 2220 cf.
1406 2187 1525 2229 Heyne
1546 2188 1606 2220 ob-

125 2232 248 2262 servat.
270 2230 313 2261 ad
333 2230 492 2270 Apollod.
512 2240 545 2271 p.
569 2231 641 2263 265.

82 2287 106 2329 ⁶)
128 2286 305 2326 Fabulam,
350 2288 484 2319 arentes
495 2285 595 2317 Panis
604 2285 724 2318 Jovem
744 2287 779 2318 et
789 2285 1006 2318 Callistonem
1027 2285 1137 2324 fuisse,
1158 2286 1195 2318 in
1218 2286 1319 2319 Creta
1339 2286 1531 2328 praecipue,
1552 2286 1606 2318 ‘uti

123 2338 166 2360 ex
186 2327 290 2375 schol.
325 2297 444 2360 gener.
458 2330 524 2362 1.3.
537 2328 658 2367 elucet,
678 2326 793 2358 fictam
816 2337 887 2359 esse
896 2329 992 2368 puto,
1015 2330 1117 2368 atque
1127 2328 1211 2360 haec
1221 2338 1347 2369 magno
1374 2338 1431 2361 ere
1444 2328 1605 2360 convenit

122 2379 200 2400 cum
222 2369 289 2400 aha
310 2369 456 2409 quadam
469 2392 477 2408 ,
509 2378 610 2408 quam
638 2368 729 2408 apud
750 2368 884 2409 Lydum
908 2368 951 2400 de
971 2378 1076 2400 mens.
1101 2371 1128 2400 1.
1153 2371 1202 2400 12.
1223 2379 1257 2409 p.
1279 2371 1329 2402 30.
1364 2370 1512 2411 egimus:
1534 2378 1604 2400 ma-

120 2416 211 2441 trem
232 2409 380 2450 Esmun,
411 2409 434 2443 i.
458 2420 485 2441 e.
509 2409 615 2450 coeli,
638 2409 729 2450 quod
750 2410 866 2442 stellas
886 2409 923 2441 in
944 2419 979 2442 se
1001 2410 1193 2452 contineat,
1224 2420 1294 2443 esse
1316 2410 1470 2451 stellam,
1490 2411 1532 2442 ut
1553 2410 1604 2443 ita

120 2452 252 2491 dicam,
273 2452 437 2493 polarem,
460 2461 560 2492 quam
582 2453 715 2484 veteres
735 2452 866 2484 Arcton
887 2453 1021 2483 vocant.
1063 2451 1174 2491 Quare
1193 2452 1333 2493 Esmun,
1354 2455 1496 2485 octavus>
1512 2452 1604 2484 inter

119 2493 269 2533 Cabirus,
303 2503 379 2525 cum
401 2494 492 2526 Pane
515 2493 654 2525 omnino
677 2493 869 2525 consentire
890 2493 1035 2525 videtur.
1057 2494 1098 2527 cf.
1119 2494 1233 2527 Noun.
1260 2494 1359 2527 Dion.
1380 2494 1528 2526 XXHL
1551 2496 1601 2526 22.

118 2535 262 2567 Movere.
284 2534 409 2567 Phoen.
432 2536 457 2567 I.
477 2545 511 2575 p.
531 2537 603 2567 652.

199 2577 321 2617 Itaque
352 2586 423 2608 non
445 2586 615 2617 erramus,
649 2576 677 2609 si
699 2576 829 2609 cultum
850 2576 949 2609 Panis
973 2587 1015 2609 ex
1036 2577 1192 2620 Aegypto
1214 2577 1251 2610 in
1273 2578 1409 2611 Cretam
1430 2577 1601 2620 perlatum

116 2628 188 2651 esse
209 2621 377 2659 putemus,
401 2628 504 2659 quum
526 2628 613 2659 quae
635 2618 726 2659 apud
741 2618 928 2660 Aegyptios
949 2619 1159 2652 inveniamus
1181 2620 1310 2661 eadem,
1331 2620 1443 2652 forma
1463 2620 1601 2662 quidem

115 2662 248 2692 mutata
262 2684 271 2697 ,
301 2660 406 2692 etiam
427 2659 464 2691 in
494 2660 708 2693 Cretensibus
736 2659 858 2693 fabulis
879 2661 1099 2702 reperiamus.
1150 2661 1237 2694 Nam
1268 2671 1332 2703 pro
1363 2661 1463 2694 stella
1490 2662 1601 2704 polari

112 2703 223 2734 matre
244 2702 394 2742 Esmun,
428 2701 565 2733 Callisto
594 2702 769 2743 supposita
798 2703 869 2742 est,
900 2712 986 2743 quae
1013 2703 1197 2735 secundum
1233 2702 1438 2736 Graecorum
1467 2704 1601 2747 mytho-

114 2744 242 2786 logiam
263 2744 299 2776 in
319 2743 450 2776 Arcton
471 2745 604 2775 mutata
625 2746 685 2776 est.
728 2743 870 2784 Quando
891 2754 972 2776 vero
994 2745 1131 2785 mythus
1152 2745 1188 2777 in
1202 2745 1337 2778 Cretam
1357 2745 1502 2779 insulam
1523 2755 1600 2789 per-

112 2785 246 2819 venerit
267 2788 303 2818 et
324 2796 344 2817 a
368 2796 434 2827 quo
458 2786 680 2818 commutatio
702 2785 762 2817 illa
783 2785 874 2818 facta
897 2786 951 2827 sit,
974 2792 1117 2827 propter
1138 2787 1416 2820 testimoniorum
1438 2788 1599 2822 defectio-

111 2838 190 2860 nem
213 2827 440 2860 demonstrari
461 2828 589 2868 nequit.
