1731 2980
53 121 182 160 venire
205 121 356 160 videtur
380 133 467 160 cum
491 133 547 170 ea,
574 131 688 171 quam
702 121 844 160 Panem
867 122 967 160 inter
992 123 1108 172 atque
1121 122 1338 170 Demetrem
1360 138 1480 178 supra
1501 137 1607 168 ⁴com-

54 171 353 210 memoravimus.
412 172 518 211 Sicut
550 171 650 209 enim
673 171 755 209 Pan
779 172 885 210 illam
906 171 977 211 sub
1003 172 1134 210 arietis
1158 174 1518 228 specieoppressit,
1535 178 1610 217 ›ita

55 222 208 260 Faunus
233 220 304 260 sub
330 222 455 271 specie
480 220 685 270 serpentis,
722 221 788 271 qui
806 222 1043 272 juventutem
1068 223 1183 271 atque
1209 223 1285 261 vim
1312 228 1610 267 renovataena-

54 275 165 309 turae
188 273 460 321 repraesentat,
487 283 573 309 cum
598 282 643 309 ea
669 272 852 310 convenit.
884 272 981 310 Eam
1005 272 1176 310 Faunam
1200 275 1329 311 autem
1351 274 1440 313 vino
1466 275 1612 315 ebriam

54 321 170 360 fuisse
194 322 241 371 in*
259 321 399 360 fabulis
423 320 599 370 legimus,
635 322 679 358 ut
708 322 819 371 quasi
853 322 961 361 ebria
994 324 1110 372 atque
1141 321 1328 361 insultans
1358 327 1519 364 naturae
1558 326 1616 365 vis

55 382 171 410 verno
195 374 366 421 tempore
390 371 633 420 significetur.

130 464 133 465 ⁷
153 421 214 459 Ex
239 423 311 459 hac
336 424 463 458 autem
487 421 611 459 Fauni
636 421 699 460 dei
723 422 872 469 natura,
900 433 1014 471 quam
1027 421 1189 459 solarem
1203 422 1475 470 constituimus,
1503 425 1613 473 quasi

57 483 127 509 sua
164 470 298 521 sponte
331 470 430 508 aliae
464 470 650 520 quaedam
683 470 937 521 proprietates
962 483 1047 509 cum
1071 471 1175 510 Pane
1201 471 1364 510 maxime
1385 472 1530 511 similes
1554 485 1612 511 se-

56 523 235 570 quuntur.
293 520 392 559 Nam
425 520 542 558 etiam
573 520 744 559 homines
776 521 890 560 rudes
922 524 1038 571 atque
1071 521 1235 560 incultos
1265 533 1390 559 mores
1420 522 1612 561 molliores

56 570 254 619 bonosque
279 569 454 608 docuisse
479 570 616 617 fertur,
634 571 662 620 ²)
699 570 872 619 adeoque
906 582 991 608 cum
1015 570 1140 608 Numa
1164 570 1386 620 religionem
1412 583 1497 609 eum
1525 582 1614 609 con—

58 619 224 658 stituisse
249 619 290 658 in
314 619 455 658 fabulis
480 622 547 658 est.
610 620 796 658 Musicam
829 633 981 670 quoque
1012 632 1099 658 eum
1133 620 1294 659 coluisse
1321 633 1368 659 ex
1392 620 1508 658 Ennii
1532 633 1615 659 ver-

57 669 118 707 bis
136 670 167 718 2)
193 669 354 707 fortasse
380 669 556 707 concludi
579 668 689 707 licet:

534 718 728 769 Scripsere
754 730 836 760 rem
860 718 927 757 alii

295 767 478 807 Versibus
503 781 599 818 quos
623 769 714 807 olim
737 769 859 807 Fauni
882 772 1062 818 vatesque
1082 769 1281 807 canebant.

157 818 217 856 Ex
241 818 357 856 solari
382 818 463 857 e'us
486 821 635 866 natura,
660 818 772 857 sicuti
795 819 836 856 in
860 819 964 857 Pane
987 818 1251 866 intelleximus,
1277 818 1393 856 etiam
1416 818 1458 856 id
1483 819 1608 868 sequi-

57 869 135 917 tur,
187 868 266 906 uod
291 880 406 907 oracu
423 880 447 906 a
473 868 623 916 cecinit3
640 868 669 918 3)
713 868 911 918 Numaque
926 869 1020 919 ipse,
1044 868 1183 918 Egeria
1199 867 1376 919 Nympha
1392 867 1611 916 auxiliante,

60 930 147 955 eum
203 918 379 967 icumque
406 918 518 967 cepit,
545 920 772 968 captumque
798 919 953 956 oracula
977 918 1090 956 edere
1116 918 1249 966 coegit.
1264 919 1324 1005 qn

160 967 319 1006 Praeter
345 979 551 1017 cognomen
576 968 741 1017 Luperci
765 968 805 1005 in
828 968 960 1006 Fauno
985 967 1090 1005 aliud
1115 979 1266 1024 quoque
1327 967 1367 1004 ui
1392 967 1615 1014 invenimus,

62 1017 167 1066 quod
192 1017 243 1055 ad
268 1017 431 1055 alteram
454 1020 614 1055 naturae
639 1020 789 1067 partem
813 1017 1004 1066 pertinere
1029 1019 1156 1055 statm.
1218 1017 1363 1055 Nomen
1401 1017 1526 1065 ipsum
1551 1029 1617 1054 au-

57 1068 135 1104 tem
161 1066 210 1105 ab
236 1067 422 1114 ineundo,
448 1067 551 1116 quod
603 1079 646 1104 ro
673 1067 877 1105 concubitu
901 1067 1066 1116 positum
1093 1068 1168 1114 est,
1194 1066 1404 1104 derivatum
1429 1077 1530 1112 esse,
1554 1078 1616 1103 ve-

59 1118 162 1154 teres
186 1116 261 1166 ipsi
284 1118 484 1155 testantur.
500 1116 528 1166 ὀ)
615 1116 689 1155 eris
714 1119 884 1166 tempore
910 1119 1057 1164 autem,
1092 1129 1207 1166 quum
1241 1129 1370 1154 omnes
1394 1128 1456 1154 res
1481 1116 1521 1154 in
1547 1128 1614 1154 na-

59 1168 149 1204 tura
174 1168 386 1215 augeantur
410 1169 449 1204 et
474 1169 667 1214 crescant,
702 1166 793 1205 solis
824 1167 880 1204 vis
904 1167 1110 1215 praecipue
1134 1166 1173 1204 in
1197 1166 1423 1204 animalibus
1449 1166 1616 1204 ostendi-

57 1218 133 1262 tur,
159 1216 388 1264 Faunusque
412 1227 459 1253 ea
483 1215 531 1253 de
557 1228 672 1253 causa
697 1216 875 1264 gregibus
899 1228 1075 1265 praeesse
1101 1216 1250 1253 dicitur.
1287 1216 1411 1261 Quare
1434 1215 1506 1252 hac
1520 1227 1613 1264 qua-

57 1263 168 1302 litate
194 1265 345 1303 omnino
372 1277 457 1303 cum
482 1265 585 1303 Pane
612 1265 890 1314 comparandus
916 1267 992 1312 est,
1028 1268 1143 1315 atque
1169 1265 1320 1303 Servius
1355 1277 1401 1303 ea
1426 1264 1474 1303 de
1500 1277 1615 1303 causa

61 1315 195 1364 paucis
220 1314 410 1353 declarat:
449 1315 587 1353 »Inuus
619 1318 778 1353 vocatur
811 1316 956 1355 Graece
981 1315 1096 1353 Pan.«
1113 1317 1143 1363 ⁰)
1193 1315 1238 1353 In
1264 1315 1367 1353 silvis
1390 1315 1509 1364 igitur
1532 1316 1614 1353 fera

56 1368 229 1411 venatur,
255 1365 462 1414 intimeque
487 1377 573 1402 cum
590 1365 714 1402 Diana
733 1365 956 1414 conjunctus
982 1367 1050 1412 est,
1064 1366 1091 1414 ⁷)
1119 1365 1222 1413 quod
1247 1365 1360 1402 etiam
1385 1365 1436 1402 ad
1453 1365 1615 1402 solarem

61 1413 142 1463 ejus
172 1417 348 1451 naturam
383 1416 549 1464 spectat,
588 1426 703 1464 quum
728 1414 889 1452 Dianam
915 1414 1029 1452 lunae
1054 1426 1229 1463 praeesse
1255 1417 1411 1452 constet.
1469 1413 1615 1452 Deinde

64 1467 193 1501 autem
217 1463 315 1502 sicut
338 1464 481 1502 Panem
506 1464 632 1503 subito
666 1464 705 1502 in
738 1464 841 1502 silvis
872 1464 1138 1513 montibusque
1171 1464 1335 1502 viatores
1362 1477 1448 1502 eum
1472 1466 1615 1501 terrere

64 1515 180 1562 atque
207 1514 339 1550 anxios
364 1526 428 1551 eos
451 1514 614 1551 reddere
638 1513 876 1560 fabulantur,
896 1514 926 1562 ⁸)
962 1516 1077 1563 atque
1106 1514 1146 1551 in
1172 1513 1327 1563 proeliis
1352 1525 1465 1562 saepe
1491 1513 1614 1551 subito

63 1564 209 1601 terrore
234 1561 372 1601 hostes·
388 1575 472 1601 eum
497 1563 700 1613 projecisse
725 1575 864 1613 eosque
889 1562 967 1602 late
983 1563 1143 1614 fugasse,
1170 1562 1427 1613 compluribus
1446 1565 1615 1601 veterum

63 1613 289 1651 testimoniis
312 1613 469 1662 probari
494 1616 631 1662 potest.
647 1615 676 1662 ⁹)

147 1759 240 1800 quod
261 1759 414 1791 omnium
434 1760 533 1792 nobis
554 1759 597 1791 ad
619 1759 723 1792 vitam
745 1760 913 1791 bonorum
934 1769 1033 1792 causa
1053 1759 1105 1792 sit.
1146 1759 1188 1792 ef.
1211 1759 1373 1796 Gerhard.
1394 1759 1481 1800 Hyp.
1503 1759 1619 1794 Roem.

108 1843 130 1882 ι)
145 1800 304 1890 mist:
323 1811 357 1875 ¹1³:
377 1802 429 1874 33:
451 1811 692 1884 ⁸31.;.g²‡„¹¹·v..g,
714 1843 836 1884 Ge...
860 1845 887 1875 1.
911 1845 959 1875 10.
1294 1884 1301 1891 ‚
1413 1884 1420 1890 ,

105 1884 129 1925 ²)
147 1884 429 1957 ggn1us.1}nnlal.
450 1886 522 1917 221.
564 1885 683 1917 Horat.
705 1894 808 1917 carm.
841 1887 869 1918 1.
893 1887 941 1916 17.
962 1886 992 1917 6.
1021 1885 1060 1917 II.
1091 1887 1137 1917 17.
1169 1886 1217 1917 28.
1260 1884 1335 1917 Is1d.
1364 1884 1454 1925 Orlg.
1485 1884 1540 1916 111.
1570 1886 1620 1916 20.

229 1936 277 1957 ur.
346 1950 354 1958 .
398 1928 426 1957 ‘-

106 1966 129 2008 ⁸)
152 1935 247 1999 Ovild.
267 1966 343 2002 fast.
364 1929 419 1999 Viss.
440 1968 510 1999 644.
531 1968 631 2009 Verg.
652 1968 736 2000 Aen.
758 1968 827 1999 VII.
849 1969 900 1999 79.
929 1968 1060 2009 Calpur.
1083 1968 1153 2001 Ecl.
1178 1970 1205 1999 1.
1228 1969 1258 1999 8.
1292 1968 1407 2008 Heyne
1430 1977 1500 1999 exc.
1523 1968 1552 1999 5.
1576 1967 1619 1998 ad

103 2049 127 2087 ⁴)
144 2008 368 2081 ‡f‡·lss‡ma
390 2050 443 2097 15.
461 2050 588 2096 Arnob.
610 2050 798 2096 adm-gent.
820 2051 858 2082 V.
883 2053 909 2081 1.
930 2061 963 2090 p.
984 2051 1058 2081 483.
1079 2050 1174 2097 Qvid.
1196 2049 1271 2081 fast.
1292 2050 1348 2081 111.
1369 2051 1440 2080 291.

105 2090 129 2132 ε5)
150 2090 242 2122 Paul.
263 2100 298 2131 p.
321 2092 392 2126 110.
416 2093 508 2132 »1mt,
530 2092 669 2132 ponitur
688 2091 859 2123 interdum
880 2101 944 2132 pro
966 2090 1176 2123 concubam«
1201 2090 1241 2123 cf.
1263 2090 1354 2123 Serv.
1368 2090 1412 2122 ad
1421 2090 1522 2132 Verg.
1533 2090 1616 2122 Aen.

145 2132 199 2164 VJ.
221 2133 292 2164 776.
333 2132 488 2165 Aurelius
509 2133 595 2165 Vict.
627 2133 669 2164 de
700 2132 786 2174 orig.
807 2136 898 2174 gent.
919 2133 1015 2165 Rom.
1047 2133 1081 2164 C.
1117 2133 1171 2165 IV.
1214 2132 1316 2164 Rutil.
1337 2133 1413 2165 Itin.
1435 2132 1511 2168 Lib.
1536 2135 1564 2164 l.
1585 2142 1616 2163 v.

143 2175 215 2206 232.
237 2173 328 2206 Serv.
350 2174 372 2206 l.
395 2184 420 2206 c.
443 2174 526 2206 haec
546 2174 617 2206 fere
638 2174 738 2206 dicit:
1502 2201 1506 2204 .

228 2215 347 2248 »Inuus
367 2215 487 2247 Latine
507 2216 713 2257 appellatur,
736 2216 864 2248 Graece
885 2218 968 2255 Πάν;
989 2215 1071 2247 item
1086 2218 1228 2257 ἒφιάλιης
1245 2215 1394 2256 Graece,
1414 2215 1538 2247 Latine
1558 2215 1611 2247 In-

143 2256 250 2298 cubo,
271 2256 363 2289 idem
383 2257 518 2290 Faunus
538 2258 622 2291 item
631 2258 758 2290 Fatuus
771 2256 953 2290 Fatuellus.
984 2257 1115 2289 Dicitur
1135 2257 1237 2291 Innus
1257 2257 1300 2290 ab
1322 2257 1471 2290 ineundo
1492 2256 1615 2299 passim

143 2307 219 2330 cum
242 2299 398 2332 omnibus
418 2300 629 2340 animalibus,
650 2300 740 2332 unde
762 2302 798 2332 et
817 2299 946 2332 Incubo
969 2299 1123 2332 dicitur.«
1342 2318 1344 2320 v

223 2340 274 2372 De
294 2341 459 2373 vocabulo
481 2342 609 2373 Incubo
632 2341 701 2373 sive
722 2342 877 2381 Incubus,
899 2340 941 2373 cf.
963 2342 1084 2373 Acron.
1105 2340 1150 2373 ad
1169 2341 1250 2373 Hor.
1273 2350 1376 2375 carm.
1398 2341 1423 2373 Ι.
1447 2343 1500 2376 17.
1521 2342 1552 2372 2.

100 2380 129 2422 ⁶)
152 2382 242 2413 Serv.
265 2382 309 2414 ad
330 2382 430 2423 Verg.
452 2383 537 2417 Aen.
557 2384 611 2415 VI.
634 2385 706 2415 776.
730 2383 771 2415 cf.
792 2383 940 2414 Macrob.
963 2382 1030 2414 Sat.
1053 2385 1082 2414 1.
1103 2384 1155 2416 22.
1177 2384 1196 2413 2
1219 2393 1268 2423 sq.
1292 2383 1420 2415 Arnob.
1436 2382 1510 2415 adv.
1522 2383 1614 2423 gent.

139 2422 197 2454 111.
218 2425 269 2455 23.
312 2423 384 2455 Liv.
396 2426 423 2458 1.
436 2425 465 2455 5.
480 2434 599 2464 »quem
621 2424 733 2466 (Pana)
754 2424 899 2471 Romani
921 2424 1043 2456 deinde
1062 2426 1269 2456 vocaverunt
1283 2424 1432 2456 Inuum«
1461 2423 1614 2456 Lambin.

139 2463 286 2511 aid-Hor.
309 2474 411 2496 carm.
442 2466 467 2497 I.
493 2467 523 2497 4.
546 2468 602 2497 11:
636 2466 808 2514 »Faunum
826 2465 966 2513 quidam
986 2465 1106 2498 volunt
1129 2465 1273 2497 eundem
1299 2474 1370 2497 esse
1391 2465 1614 2513 atque-Pana,

138 2515 199 2577 ἔξιθι
220 2507 255 2577 eg.
274 2506 375 2576 Inuus
397 2506 540 2579 offen-{²
562 2517 626 2580 pao
647 2507 743 2580 Irmssi)
765 2507 903 2580 ξὶὲιίιιιτ,
926 2516 1047 2548 graece
1069 2510 1240 2547 ἔπιᾶλτης.«
1275 2507 1428 2538 Castrum
1439 2507 1514 2538 Inui
1525 2515 1615 2538 com-

196 2557 228 2577 m
255 2557 392 2578 raura
443 2557 480 2578 er
505 2558 564 2580 110
617 2558 669 2580 en.
737 2572 745 2580 .
790 2558 801 2580 t
829 2572 838 2580 .

100 2586 123 2628 ⁷)
145 2587 280 2620 Lucret.
303 2587 346 2620 de
367 2558 570 2623 rerumgnat.
591 2591 647 2623 IV.
668 2591 740 2622 570.
763 2590 863 2632 Verg.
885 2589 1010 2633 Georg.
1032 2592 1059 2622 1.
1083 2591 1133 2625 10.
1155 2589 1239 2622 Aen.
1262 2589 1344 2622 VIII.
1366 2590 1438 2622 314.
1459 2587 1612 2631 Propert.

139 2629 194 2661 IV.
215 2632 244 2662 2.
267 2630 405 2662 Salmas.
427 2630 463 2662 in
485 2630 587 2664 Solin.
609 2643 643 2673 p.
668 2633 758 2664 1088.

99 2679 122 2719 ε’)
145 2679 282 2721 Dionys.
302 2681 378 2715 Hal.
400 2682 437 2713 V.
462 2683 510 2714 16.

98 2731 122 2773 ⁹)
139 2731 256 2765 Cicero
278 2733 321 2765 de
343 2733 409 2766 div.
436 2736 463 2765 1.
485 2735 535 2766 45.
560 2736 629 2768 101.
652 2735 695 2767 de
716 2738 784 2768 nat.
807 2735 899 2767 deor.
921 2736 960 2767 Π.
981 2737 1011 2768 2.
1033 2737 1064 2770 6.
1084 2734 1141 2766 ῙΠ.
1160 2736 1191 2767 6.
1216 2735 1266 2768 15.
1287 2733 1410 2766 Liv.11.
1425 2735 1455 2765 7.
1476 2732 1610 2772 Dionys.

139 2773 214 2805 Hal.
236 2775 272 2806 V.
296 2777 343 2808 16.
387 2776 496 2808 Valer.
517 2777 605 2809 Max.
629 2779 654 2809 1.
680 2779 710 2810 8.
732 2780 761 2810 4.
783 2778 882 2810 Diod.
904 2778 940 2809 V.
967 2779 1013 2810 14.
1036 2779 1087 2810 32.
1107 2776 1244 2817 Joseph.
1267 2777 1302 2808 B.
1324 2775 1355 2807 J.
1370 2775 1408 2808 V.
1427 2774 1478 2808 25.
1500 2774 1609 2807 VI1.1.

138 2816 227 2849 Plut.
249 2816 334 2851 Mor.
359 2828 392 2858 p.
419 2820 489 2852 192.
513 2820 545 2851 G.
557 2829 589 2859 p.
604 2821 673 2851 356.
698 2820 735 2852 D.
757 2820 845 2852 Plut.
868 2820 957 2853 Caes.
970 2822 1019 2852 43.
1041 2819 1216 2859 pompos.
1239 2817 1378 2851 comut.
1400 2818 1443 2850 de
1464 2828 1495 2849 n.
1519 2816 1609 2849 deor.
