1731 2980
722 0 948 65 45-

59 125 341 214 buliihillaztdqg,
382 128 485 178 quod
509 127 780 166 fecunditatem
804 126 1017 175 prolificam
1041 127 1201 163 naturae
1227 128 1265 163 et
1288 128 1491 176 praecipue
1518 128 1609 166 solis

59 187 91 212 si
118 188 141 217 n
185 187 231 214 ca
249 206 258 215 .
284 182 295 200 ¹

92 187 117 224 g
159 224 285 271 Quare
296 179 414 265 )faoili
437 226 591 275 negotio
620 223 784 273 intelligi
818 225 946 273 potest
980 224 1131 263 diversa
1154 223 1222 261 illa
1246 225 1415 262 veterum
1447 226 1608 276 scripto-

58 285 143 312 rum
163 276 372 323 sententia,
407 275 474 324 qui
498 274 674 312 Mendem
697 273 812 311 modo
837 272 1044 321 Osiridem,
1076 273 1190 311 modo
1223 273 1456 321 Hermetem,
1493 275 1606 313 modo

58 322 259 363 Heraclem
284 325 362 364 sive
385 324 529 363 Esmun
554 334 636 361 esse
662 321 811 370 volunt,
838 335 955 372 quum
981 334 1127 370 omnes,
1155 335 1251 372 quos
1274 323 1462 361 nominavi
1477 354 1487 371 ,
1513 337 1606 373 quo·

59 373 260 413 dammodo
283 375 384 413 inter
407 385 448 413 se
474 371 667 422 conjuncti
690 373 848 422 arteque
873 372 1034 411 connexi
1058 372 1143 411 sint.

159 423 257 462 Nam
281 424 379 462 illud
400 423 529 460 lumen
551 421 783 471 primitivum
807 433 855 459 ex
878 433 920 460 se
943 421 1088 460 lumina
1110 422 1259 460 minora
1283 421 1425 470 solem,
1467 422 1606 471 lunam,

60 472 191 511 stellas
214 473 346 523 gignit,
370 470 557 520 simulque
584 482 670 509 cum
693 470 753 510 his
776 471 870 520 ipsis
897 473 1159 510 commutatur.
1178 473 1206 558 ²3

157 523 294 572 Itaque
318 523 351 561 si
374 523 551 559 naturam
582 520 731 559 Mendis
760 520 894 570 paucis
924 521 1117 571 explicare
1141 534 1188 559 vo
1204 534 1313 559 umus
1330 551 1340 568 ,
1374 520 1472 558 nihil
1504 520 1609 559 aliud

60 584 142 610 esse
166 572 328 619 videtur,
353 570 427 609 nisi
450 570 582 609 aether
605 570 749 620 igneus,
775 570 852 609 sive
875 571 1038 621 primum
1061 570 1202 618 lumen,
1228 570 1332 620 quod
1353 571 1502 609 ratione
1525 573 1610 608 tan-

61 625 142 660 tum
166 620 314 670 percipi
337 622 488 670 potest,
514 620 693 671 quodque
718 632 766 659 ex
792 632 833 659 se
856 620 1002 659 lumina
1024 621 1172 659 minora
1194 620 1327 671 gignit,
1351 632 1450 670 quae
1474 631 1521 657 ex
1545 619 1611 657 illo

61 674 147 709 orta
169 671 210 708 in
233 682 350 708 unum
374 669 501 709 lumen
526 671 689 720 primum
712 669 875 708 redeunt
898 683 1019 720 eoque
1044 682 1086 708 re
1113 673 1239 708 untur.
1263 671 1292 720 ³)

161 719 286 766 Quare
312 719 428 758 etiam
451 722 596 769 septem
619 719 808 769 planetae,
834 732 933 769 quae
956 722 996 759 in
1022 725 1089 758 coe
1106 732 1130 758 o
1154 719 1313 769 fulgent,
1337 730 1362 757 a
1389 718 1529 757 Mende
1554 730 1614 756 re-

60 771 201 820 guntur
223 769 399 819 viamque
424 770 667 809 constitutam
690 772 929 819 percurrunt,
955 772 1070 819 atque
1095 770 1324 819 principium
1349 770 1388 807 et
1404 768 1489 807 fons
1503 768 1615 806 itine-

59 820 114 857 ris
138 821 197 857 est
219 819 301 868 ipse
325 819 406 858 Pan
430 819 598 858 Mendes.
618 820 651 868 ι’)

160 868 310 917 Duplex
340 868 458 917 igitur
490 880 626 906 munus
659 867 809 905 Mendis
842 867 1024 917 distingui
1060 869 1188 916 potest
1223 867 1441 924 duplexque
1464 869 1616 913 natura,

61 929 178 967 quum
201 918 242 956 in
268 917 373 956 coelo
397 918 625 968 principium
648 916 844 965 motionis,
868 916 909 954 in
933 919 1039 955 terra
1062 928 1152 955 vero
1178 917 1294 965 deus,
1321 929 1388 966 qui
1409 917 1553 955 semina
1577 919 1617 955 et

61 967 232 1017 germina
254 979 381 1005 rerum
404 967 561 1014 tribuat,
586 978 668 1005 esse
691 966 876 1004 videatur.
920 966 1056 1015 Itaque
1081 966 1114 1004 si
1136 978 1267 1004 verum
1292 969 1360 1014 est,
1386 966 1489 1015 quod
1514 978 1616 1004 com-

89 1017 191 1055 lures
215 1016 288 1055 viri
311 1016 415 1055 docti
451 1015 708 1064 contendunt,
745 1014 969 1064 religionem
1002 1015 1234 1054 Phoenicum
1266 1016 1307 1053 in
1343 1016 1616 1066 Aegyptiorum

78 1065 213 1106 abulas
238 1066 505 1116 confingendas
528 1065 688 1104 multum
702 1064 877 1112 valuisse,
902 1064 943 1104 in
958 1064 1097 1104 Mende
1113 1065 1302 1116 duplicem
1320 1065 1474 1114 cultum,
1500 1078 1616 1115 quum

61 1116 247 1165 siderum,
277 1119 360 1155 tum
390 1116 519 1155 Baalis
542 1118 658 1165 atque
683 1115 848 1154 Astartis
879 1115 1105 1164 invenimus,
1143 1116 1210 1166 qui
1241 1115 1366 1154 cultus
1400 1128 1487 1154 cum
1518 1116 1615 1154 auti-

62 1166 241 1216 quissimo
268 1165 487 1204 animalium
514 1164 620 1203 cultu
643 1165 774 1203 intime
793 1176 984 1204 connexus
1001 1166 1299 1215 conjunctusque
1318 1177 1400 1204 esse
1413 1165 1576 1206 videtur.
1585 1166 1615 1215 ⁵)

160 1215 220 1254 Ex
244 1215 318 1254 hac
342 1227 432 1254 vero
457 1215 521 1253 dei
545 1217 695 1262 natura,
722 1214 826 1264 quod
849 1215 1020 1264 germina
1042 1227 1171 1253 rerum
1186 1215 1459 1265 seminaquein

62 1264 281 1315 profundat,
308 1267 487 1316 apparet,
522 1277 590 1302 cur
613 1264 791 1314 Aegyptii
815 1276 902 1303 eum
927 1265 998 1303 sub
1022 1264 1146 1303 forma
1170 1265 1278 1315 capri
1301 1265 1379 1303 sive
1403 1265 1618 1315 capricorni

15 1350 18 1353 .
61 1315 203 1363 fingere
227 1315 411 1362 solebant,
435 1314 488 1362 id,
515 1314 619 1363 quod
642 1313 860 1352 Herodotus
882 1314 909 1352 1.
937 1326 969 1352 c.
995 1315 1276 1364 praetermittit,
1302 1315 1479 1364 quoniam
1493 1314 1616 1365 pudo-

62 1376 143 1402 rem
165 1363 423 1403 virimodesti
446 1366 563 1413 atque
588 1363 709 1402 severi
733 1362 911 1402 offendat.
929 1364 959 1414 ⁰)
991 1363 1067 1403 Sed
1092 1364 1207 1402 etiam
1229 1365 1270 1402 in
1296 1364 1401 1403 coelo
1427 1364 1497 1404 suh
1522 1365 1616 1403 ima-

62 1414 148 1463 gine
177 1414 391 1464 capricorni
414 1413 519 1452 lucet
543 1414 659 1463 atque
683 1412 857 1463 Hyginus
876 1415 904 1464 ⁷)
931 1413 1138 1461 contendit,
1164 1414 1268 1463 apud
1293 1414 1499 1464 Aegyptios
1522 1414 1617 1453 ima-

61 1463 187 1551 gipem
207 1464 289 1536 ja?
313 1466 443 1502 notam
467 1463 603 1511 fuisse,
630 1474 707 1513 qua
731 1462 844 1501 stella
868 1464 1083 1513 capricorni
1107 1464 1318 1513 semicaper
1342 1467 1382 1502 et
1406 1464 1615 1514 semipiscis

74 1514 102 1551 ‘u
117 1517 232 1563 geret.
263 1517 278 1563 )

782 1647 830 1707 §-
862 1650 905 1694 3.

546 1771 621 1814 De
666 1771 812 1814 Pane
849 1770 1126 1815 Asiatico.

157 1889 264 1928 Sicut
296 1889 336 1926 in
359 1888 534 1938 Aegypto
567 1889 682 1926 etiam
713 1888 753 1925 in
778 1888 869 1927 Asia
901 1888 1067 1937 antiquis
1095 1889 1177 1938 jam
1208 1890 1445 1939 temporibus
1471 1891 1614 1930 cultum

59 1939 174 1977 Panis
199 1938 410 1988 reperimus
423 1967 432 1985 ,
465 1939 505 1976 et
529 1938 562 1976 si
586 1950 633 1976 ex
657 1937 814 1986 fabulis,
847 1949 942 1987 quas
966 1938 1002 1976 le
1031 1938 1038 1945 “
1079 1951 1142 1987 us,
1183 1939 1462 1978 conclusionem
1486 1941 1612 1979 facere

56 1989 163 2036 licet,
193 2001 270 2026 non
294 2000 511 2037 possumus,
538 1988 631 2038 quin
654 1999 741 2025 eum
765 1999 905 2026 numen
930 2000 1005 2037 quo
1034 1987 1123 2026 dam
1147 1988 1188 2026 in
1211 1988 1290 2027 illis
1313 1990 1428 2028 terris
1451 1991 1613 2040 primiti-

56 2047 145 2077 vum
169 2037 493 2088 qualitatibusque
517 2037 638 2077 multo
662 2036 956 2086 sublimioribus,
980 2049 1095 2088 quam
1119 2040 1291 2088 tempore
1315 2041 1526 2089 posteriore
1551 2054 1612 2079 or—

55 2090 189 2127 natum
212 2088 327 2126 fuisse
351 2089 538 2137 putemus.
1615 2093 1620 2098 '

100 2236 121 2277 ¹)
140 2235 276 2283 ιΜονεῗνεξ
295 2235 473 2282 Phoen21.
495 2246 530 2276 p.
551 2236 622 2267 649.
665 2235 778 2268 Creuz.
798 2234 911 2276 Symb.
933 2238 961 2267 1.
983 2245 1016 2277 p.
1040 2238 1112 2269 477.
1153 2236 1216 2268 Ed.
1237 2237 1338 2270 Roth.
1360 2238 1397 2269 in
1416 2238 1522 2278 libro,
1555 2238 1614 2279 qui

137 2276 353 2313 inscribitur:
393 2276 457 2308 Die
483 2278 627 2318 Aegypt.
648 2287 680 2324 u.
704 2277 874 2309 Zoroastr.
896 2275 1178 2326 Glaubenslehre3
1198 2278 1312 2311 Manh.
1336 2280 1426 2312 1846.
1449 2290 1483 2321 p.
1505 2281 1557 2314 64.
1578 2291 1611 2312 11.

137 2319 284 2391 {1331}AE
287 2317 1015 2392 ⁰²bl¹2¹¹meff321¹1²s‹⁰21¹mffissssrsseffitdssfflt
1034 2319 1273 2402 Ρῑῗὲᾞὶἰ.
1289 2323 1392 2394 ‘iim'
1421 2331 1613 2395 23:33

136 2401 263 2447 Panem
277 2369 381 2432 181?ng
397 2383 556 2442 ²»patrem
577 2370 801 2433 solisgixmmodo
825 2401 912 2434 »vim
931 2385 1198 2451 procreatiyam«
1222 2373 1420 2452 (eingiiiiigtveri->
1436 2404 1614 2452 §chopfer-

137 2442 507 2518 {gilst)fipi.8822fflrgitil7.
528 2443 564 2475 et
584 2452 616 2484 p.
640 2444 709 2476 140.
739 2442 843 2476 modo
872 2443 1071 2486 Cupidinem
1100 2444 1197 2477 illum
1218 2445 1360 2478 Hesiodi
1379 2447 1556 2488 antiquum
1578 2457 1611 2488 p.

97 2525 110 2544 2

97 2530 120 2607 ³3
140 2525 291 2600 {iffi}
303 2526 504 2608 gssssbi‘i‘iri'
514 2579 547 2610 p.
569 2571 640 2602 244.

95 2608 119 2669 ἒ)
140 2609 868 2686 ῧξξὲτῐεῖιίξὲῗὲὴιιιηὲεἶᾶὼξτὸῧίθεΜΥῦΙι.
890 2613 935 2646 ct.
957 2623 989 2655 p.
1011 2614 1084 2646 234.

95 2660 120 2733 ⁶}
141 2693 239 2725 Pind.
259 2694 345 2735 frag.
367 2678 437 2726 ila.
458 2664 551 2735 (ἐξ.)
573 2677 624 2736 ap.
639 2677 764 2727 'Strabs
778 2697 877 2729 XVII.
899 2707 930 2738 p.
952 2697 1024 2729 555.
1046 2696 1087 2729 cf.
1109 2698 1296 2738 praeterea,
1309 2708 1394 2739 quae
1405 2698 1611 2740 Hug.Myth.

98 2776 110 2782 ‚
138 2734 170 2767 d.
193 2735 233 2783 A.
254 2735 305 2767 W.
328 2745 361 2776 p.
386 2737 453 2782 142.
477 2738 512 2768 et
530 2736 664 2769 Movers
685 2737 808 2771 Phoen.
832 2741 860 2771 1.
881 2749 914 2779 p.
937 2740 986 2771 42.
1010 2739 1052 2771 de
1074 2739 1167 2772 cultu
1188 2739 1320 2773 Mendis
1341 2739 1527 2781 proferunt.

98 2782 121 2836 ἑ)
142 2777 256 2819 Hygin
277 2778 366 2810 Astr.
386 2777 427 2810 ΙΙ.
448 2779 499 2810 28.
520 2788 553 2819 p.
576 2779 646 2810 480.
669 2779 732 2812 St.-

113 2825 121 2860 )
144 2819 285 2852 Creuzer
306 2820 417 2861 Symb.
439 2820 494 2856 111.
516 2831 549 2862 p.
571 2822 641 2853 233.
