1731 2980
721 95 770 100 -
823 75 867 110 13
918 94 967 99 ..-

779 186 827 246 §-
858 189 901 233 6.

129 336 288 389 Quibus
319 337 426 389 locis
458 336 596 382 cultus
627 337 754 381 Panis
785 338 831 380 in
861 335 1043 394 Graecia
1075 337 1304 398 praecipue
1337 334 1538 394 floruerit,

677 412 1005 470 demonstratur.

162 552 286 600 Quum
311 553 455 593 cultum
478 553 594 593 Panis
616 556 770 603 praeter
793 554 996 594 Arcadiam
1021 556 1138 604 atque
1163 553 1331 592 Atticam
1356 552 1513 607 antiquo
1533 554 1612 602 jam

60 604 231 651 tempore
255 604 296 640 in
319 602 454 640 insulis
471 604 499 648 ¹)
532 614 685 651 quoque
713 605 829 651 atque
859 604 900 640 in
924 603 1169 649 Macedonia,
1186 604 1215 651 2)
1241 601 1462 648 Thessalia,
1478 601 1507 649 ³)
1535 603 1612 639 Me-

61 652 176 702 garis,
185 652 217 702 ¹⁰)
243 652 297 690 Ar
322 649 434 699 olide,
450 651 479 701 ⁵)
503 651 692 690 Laconica
703 651 734 709 ⁶)
759 654 875 702 atque
893 652 933 691 in
947 652 1134 695 Parnasso
1150 653 1163 674 ⁷
1203 650 1450 698 inveniamus
1476 662 1614 700 operae

88 701 227 739 retium
249 702 287 740 vi
315 703 400 740 etur
424 711 525 748 esse,
552 702 689 750 quibus
712 714 753 740 m
776 702 889 740 terris
914 702 1123 741 diutissime
1180 702 1325 740 oruerit
1357 702 1396 738 et
1431 712 1507 749 quo
1531 699 1615 739 loco

93 755 205 789 anem
227 753 361 788 natum
385 761 467 788 esse
491 750 695 798 scriptores
719 752 868 789 veteres
891 752 1115 799 censuerint,
1136 751 1273 800 paucis
1298 749 1503 799 explicare.

161 799 370 838 Pausanias
402 798 609 837 secundum
639 799 819 850 hymnum
851 800 1093 839 Homericum
1123 801 1164 840 in
1196 800 1340 838 Panem
1371 801 1419 850 (v.
1447 799 1524 849 30.)
1549 810 1618 847 pa-

61 849 176 888 triam
212 849 327 888 Panis
356 848 562 888 Arcadiam
599 848 714 888 fuisse
744 853 1015 888 commemorat
1029 851 1080 898 ⁸);
1114 852 1231 899 atque
1267 862 1354 888 cum
1384 861 1430 887 eo
1462 849 1618 898 plurimi

24 907 28 908 ⁷
61 899 267 947 scriptores
298 898 436 937 Graeci
469 897 704 936 conveniunt.
722 899 753 947 ⁹)
815 898 1024 947 Praecipue
1055 910 1145 937 vero
1175 911 1284 937 mons
1310 898 1465 948 Cyllene
1489 897 1620 947 patria

60 947 345 1035 nominabam,
379 947 508 998 ibique
541 960 627 987 eum
661 960 685 986 a
710 948 822 987 Since
846 948 1015 999 nympha
1044 948 1248 987 educatum
1272 960 1375 996 esse,
1410 947 1452 985 in
1474 945 1617 986 fabulis

61 1009 128 1035 era
146 1028 154 1035 .
690 1006 695 1010 “

159 1000 234 1084 Ηξο
258 1047 386 1084 autem
409 1046 578 1096 mythus,
611 1047 677 1096 qui
708 1047 914 1097 praecipue
952 1046 1055 1096 apud
1079 1047 1249 1085 Arcades
1272 1046 1383 1084 fictus
1409 1057 1490 1084 esse
1514 1045 1618 1083 vide-

58 1099 136 1144 tur,
160 1096 401 1146 antiquitatis
425 1099 556 1135 notam
579 1109 673 1147 prae
697 1109 738 1136 se
763 1097 840 1136 iert
864 1099 981 1147 atque
1007 1097 1056 1135 ab
1082 1096 1170 1145 alio,
1197 1096 1263 1146 qui
1288 1097 1328 1135 in
1355 1097 1470 1135 Creta
1493 1095 1619 1134 insula

57 1145 229 1202 valehat,
268 1146 419 1202 omnino
439 1146 642 1203 dissentit·
681 1147 779 1186 Nam
804 1147 1010 1185 secundum
1027 1147 1272 1204 ‘Cretensium
1296 1146 1485 1193 fabulam,
1519 1157 1618 1194 quae

59 1207 157 1282 anve
181 1195 534 1301 ξηωΙέὲωιῗοῑῗέἓἛ
563 1199 980 1290 ἓὲἓεαᾳξξωῗξὲιῖῑαωε
1005 1208 1074 1293 cleti,
1097 1195 1504 1295 &guilgenqliliaebissatrlgrann
1514 1207 1617 1282 b‘glffi

64 1296 197 1332 contra
230 1294 385 1333 Titanos
418 1297 502 1332 orto
533 1307 609 1333 non
641 1295 826 1342 deseruit,
858 1295 927 1333 sed
959 1308 1190 1344 magnopere
1222 1308 1308 1333 eum
1332 1295 1495 1344 adjuvit,
1528 1307 1617 1332 con—

63 1343 210 1393 chaque
234 1344 344 1392 quasi
367 1344 463 1382 tuba
486 1357 577 1382 usus
601 1348 670 1393 est,
696 1357 773 1394 qua
796 1345 988 1394 ingentem
1007 1346 1052 1382 -in
1077 1345 1206 1382 hostes
1229 1347 1415 1382 terrorem
1432 1344 1615 1394 injiceret.

64 1392 189 1439 Quare
214 1393 366 1444 Jupiter
390 1406 528 1443 magno
553 1393 654 1433 dono
679 1406 765 1433 eum
789 1394 916 1443 auxit,
942 1394 1128 1445 simulque
1155 1407 1240 1433 cum
1264 1393 1464 1433 Amalthea
1499 1406 1619 1443 capra

61 1444 102 1481 in
127 1444 293 1482 siderum
315 1456 472 1481 numero
497 1445 634 1492 posuit.
653 1447 680 1467 ¹¹
732 1444 986 1493 Apollodorus
1010 1445 1116 1482 illam
1140 1445 1309 1482 fabulam
1325 1444 1376 1481 ad
1393 1445 1506 1482 finem
1530 1456 1616 1492 per-

63 1492 178 1540 ducit,
204 1493 421 1542 Panemque
448 1495 583 1531 contra
593 1493 673 1543 Typ
703 1505 813 1532 onem
831 1493 917 1532 Jovi
926 1493 1107 1531 auxilium
1124 1494 1255 1531 tulisse
1275 1497 1557 1540 commemorat3
1572 1494 1615 1542 ¹²¹)

61 1542 233 1591 Hyginus
257 1554 357 1589 vero,
383 1554 469 1581 eum
492 1542 607 1580 etiam
631 1543 672 1580 in
695 1544 910 1592 Aegyptum
933 1543 1065 1581 Jovem
1090 1546 1261 1581 secutum
1286 1555 1387 1589 esse,
1412 1543 1450 1580 in
1477 1542 1617 1580 fabulis

63 1593 234 1638 enarrat,
270 1593 386 1640 atque
411 1590 564 1629 conchis
588 1591 628 1629 in
652 1592 873 1641 Typhonem
895 1592 1077 1641 conjectis
1111 1592 1293 1629 auxilium
1319 1592 1354 1628 ei
1380 1592 1514 1629 tulisse
1540 1593 1617 1629 fra-

61 1641 189 1690 trique
214 1640 405 1690 praesidio
431 1640 547 1679 fuisse
571 1642 779 1680 confirmat.
840 1642 965 1688 Quum
988 1654 1077 1680 vero
1105 1641 1264 1692 Typhon
1290 1642 1400 1689 deos,
1439 1641 1505 1691 qui
1530 1653 1617 1679 cum

61 1702 107 1728 eo
132 1690 485 1739 congrediebantur,
509 1702 648 1740 magna
671 1692 709 1730 vi
733 1694 849 1740 atque
875 1691 1021 1741 ingenti
1044 1692 1190 1740 impetu
1213 1691 1400 1740 rejiceret,
1427 1692 1484 1729 ita
1506 1694 1550 1728 ut
1574 1692 1615 1729 in

60 1740 152 1789 fuga
181 1739 341 1778 salutem
373 1751 557 1789 quaerere
590 1744 832 1791 cogerentur,
877 1740 977 1788 Pan,
1016 1741 1224 1779 secundum
1255 1740 1397 1790 Hygini
1432 1740 1612 1788 fabulam,

58 1789 266 1840 perniciem
289 1789 425 1839 effugit
449 1802 564 1839 quum
597 1791 638 1829 in
667 1791 796 1830 Nilum
826 1803 867 1829 se
902 1791 1123 1842 conjiceret,
1155 1793 1271 1841 atque
1305 1791 1512 1841 semipiscis
1559 1803 1617 1829 se-

58 1840 226 1890 micaper
250 1842 419 1878 servatus
444 1842 512 1878 est.
538 1841 584 1890 ¹³)
674 1855 676 1857 ¹

106 1988 127 2026 ¹)
149 1987 190 2019 cf.
211 1997 297 2028 quae
318 1987 361 2019 de
382 1988 583 2028 Epimenide
605 1999 706 2029 supra
727 1990 996 2022 commemoravi.

103 2029 126 2068 2)
146 2028 296 2062 Lobeck.
317 2029 394 2070 Agl.
412 2039 446 2070 p.
468 2031 537 2061 293.

99 2071 123 2112 3)
145 2070 307 2102 Gerhard.
330 2070 386 2102 Gr.
408 2071 451 2102 M.
472 2081 506 2112 p.
528 2072 599 2104 532.
629 2072 790 2105 Panofka.
823 2073 935 2114 Argus
956 2073 1097 2115 Panopt.
1129 2084 1161 2115 Ρ.
1193 2075 1244 2108 22.
1269 2076 1321 2109 23.
1357 2073 1490 2106 Abbild.
1513 2074 1565 2105 IV.
1587 2076 1615 2106 4.

141 2112 311 2144 Gerhard:
331 2112 443 2145 Ueber
464 2112 519 2144 die
540 2113 749 2155 Lichtgotth.
771 2125 805 2156 p.
827 2116 856 2147 5.

98 2154 122 2194 4)
143 2154 303 2187 Riickert.
324 2154 426 2195 Troja
446 2165 479 2194 p.
500 2156 551 2186 85.
572 2157 622 2187 86.

99 2196 122 2236 5)
142 2195 238 2228 Paus.
258 2195 298 2227 11.
319 2197 368 2226 32.
390 2198 420 2228 5.
451 2196 574 2228 eratin.
606 2206 659 2236 ap.
688 2196 795 2237 Heph.
818 2198 840 2232 l.
862 2208 888 2230 c.
910 2199 1033 2239 Haupt.
1062 2199 1182 2231 Aesch.
1211 2199 1319 2232 Orest.
1349 2198 1474 2239 (Berlin
1514 2200 1615 2238 1837.)

139 2237 177 2271 Τ.
202 2238 229 2268 1.
250 2247 282 2277 p.
304 2238 374 2269 270.
395 2237 657 2269 Marckscheffel.
678 2237 798 2279 fragm.
820 2240 955 2272 Hesiod.
976 2243 1026 2271 26.
1047 2251 1079 2281 p.
1102 2243 1172 2273 289.

97 2278 122 2319 ⁶)
146 2278 301 2310 Meiners.
321 2278 365 2325 ad
386 2278 525 2326 Theo-cr.
546 2279 594 2312 Id.
621 2280 684 2312 VH.
708 2283 777 2312 103.
796 2281 911 2322 Steph.
933 2283 1007 2323 ByZ.
1028 2293 1060 2323 p.
1083 2285 1135 2315 43.
1191 2282 1230 2314 In
1249 2281 1358 2314 Malea
1378 2282 1614 2323 promontorio

138 2319 362 2360 Peloponnes1
383 2320 506 2352 eximia
526 2320 591 2352 fuit
610 2321 709 2353 Panis
730 2323 962 2357 sanctimonia.

100 2362 123 2401 ⁷)
145 2361 241 2393 Paus.
262 2360 303 2393 X.
325 2362 374 2393 32.
396 2362 424 2393 5.

99 2403 123 2442 ⁸)
142 2403 238 2443 Paus.
258 2402 298 2435 11.
321 2403 349 2434 5.
374 2405 423 2437 16.

97 2445 121 2485 ⁹)
141 2444 279 2476 Lucian.
301 2444 379 2476 dial.
399 2445 491 2478 deor.
511 2446 613 2478 XXII.
634 2448 663 2478 2.
686 2447 724 2480 Τ.
746 2447 785 2480 Π.
806 2458 840 2489 Ρ.
864 2450 914 2482 76.
936 2449 1009 2491 Bip.
1030 2450 1149 2484 Horat.
1173 2460 1273 2482 carm.
1295 2450 1348 2482 IV.
1373 2451 1423 2483 12.
1455 2452 1504 2484 11.
1524 2448 1615 2481 Serv.

136 2487 174 2518 in
194 2486 294 2528 Verg.
313 2487 397 2520 Aen.
419 2488 503 2520 VIII.
524 2489 595 2520 282.
616 2488 719 2521 Rutil.
740 2489 817 2522 Itin.
842 2492 870 2525 1.
891 2493 963 2523 232.

77 2529 112 2568 ¹⁰)
135 2529 231 2562 Paus.
251 2528 335 2561 VIII.
357 2530 406 2561 30.
427 2531 456 2561 2.
477 2529 574 2562 Pind.
597 2530 704 2571 Olym.
726 2531 780 2563 VI.
802 2534 854 2566 77.

135 2570 303 2643 {sasn-
320 2570 705 2645 sansana
723 2572 842 2647 aa.
858 2573 991 2647 aa.
1003 2575 1107 2657 is,
1125 2585 1158 2615 P·
1311 2575 1397 2616 (Μ
1417 2584 1438 2605 .
1459 2572 1615 2614 m...

79 2653 114 2693 ¹²)
135 2653 245 2694 Apoll.
269 2656 297 2686 1.
317 2654 348 2685 6.
372 2655 420 2686 10.
442 2654 562 2696 fragm.
585 2655 702 2688 Aesch.
723 2656 823 2697 apud.
842 2625 949 2691 Echol.
971 2641 1049 2692 E'ur.
1072 2642 1168 2691 [ibes.
1191 2660 1241 2691 36.

70 2696 112 2734 ⁷¹³)
133 2695 255 2742 Iiygin
277 2696 365 2727 Astr.
386 2696 430 2742 H:
448 2698 499 2728 28.
530 2707 563 2738 p.
584 2699 656 2728 460.
685 2697 775 2729 Stav.
807 2699 965 2739 Legimus
986 2701 1018 2732 h.
1040 2702 1062 2735 1,
1097 2701 1221 2742 »Hujus
1248 2699 1439 2741 capricorni
1483 2698 1539 2730 effi
1564 2698 1612 2730 ies

135 2737 253 2769 similis
274 2738 326 2769 est
346 2736 523 2778 Aegipani‚
545 2748 644 2778 quem
667 2739 813 2780 Jupiter,
834 2740 927 2779 quod
951 2751 1027 2773 cum
1050 2753 1089 2774 eo
1114 2747 1188 2774 erat
1209 2742 1364 2781 nutritus,
1387 2741 1424 2772 in
1444 2739 1546 2773 sideri
1560 2750 1612 2771 ›us

136 2788 207 2810 esse
227 2779 363 2811 voluit«
388 2779 428 2810 cf.
451 2780 553 2812 schol.
586 2780 678 2812 Arat.
701 2792 734 2822 p.
759 2783 808 2813 39.
832 2783 850 2812 ὅ
869 2787 1023 2825 αἰγίκερως
1044 2787 1153 2824 ὁμοῖός
1174 2787 1235 2816 ἐστι
1257 2789 1295 2824 τῇ
1322 2787 1391 2823 αἰγί.
1422 2787 1611 2822 κατηστερίσ-

137 2827 178 2894 8727
210 2823 248 2893 ξιξ
276 2825 318 2857 εἷς
346 2824 437 2862 τιμὴι·
471 2827 524 2854 τοῦ
546 2825 650 2858 Πανός.
694 2823 735 2855 cf.
757 2823 846 2858 Suid.
869 2837 892 2858 s.
938 2836 967 2859 v.
991 2830 1199 2867 ἁλίπληγκτης,
1221 2828 1255 2858 et
1277 2827 1426 2858 zonarae
1449 2825 1511 2857 lex.
1534 2834 1558 2854 S.
1581 2834 1610 2855 V-

135 2877 152 2894 a
165 2876 207 2893 ,ιπ
221 2876 344 2902 myrsam.
